1728 2886
115 518 196 558 129

123 2047 202 2089 130
233 2048 430 2100 verbaque
452 2048 641 2088 codicillis
661 2047 751 2087 talia
772 2047 964 2100 imposui:
997 2047 1229 2100 ‘Polyaenos
1246 2047 1380 2088 Circae
1401 2048 1577 2089 salutem.
1609 2050 1669 2089 fa·
1682 2060 1701 2101 ,ς

222 117 275 156 96
834 116 1038 152 PETRONII

933 246 955 270 *
1686 238 1701 279 is

333 288 340 343 Ι
369 289 514 340 ‘itaque
535 288 612 328 hoc
630 289 790 328 nomine
806 289 876 329 tibi
893 289 1037 341 gratias
1053 301 1147 353 ago,
1170 289 1274 341 quod
1291 301 1354 329 me
1371 289 1570 329 Socratica
1585 287 1704 391 fide}

225 346 364 398 diligis.
415 358 495 385 non
528 351 608 385 tam
647 345 818 386 intactus
848 346 1068 386 Alcibiades
1098 346 1137 386 in
1170 345 1441 398 praeceptoris
1469 346 1530 386 sui
1559 345 1662 387 lecto

224 403 355 443 iacuit'

933 462 955 485 *

341 515 469 556 ‘crede
490 515 607 564 mihi,
629 517 771 564 frater,
795 529 876 556 non
899 516 1085 568 intellego
1106 528 1170 555 me
1190 515 1316 555 virum
1339 528 1446 564 esse,
1469 528 1550 556 non
1572 528 1664 556 sen-

226 573 293 613 tio.
335 573 516 613 funerata
537 579 598 613 est
618 573 681 612 illa
703 585 793 625 pars
814 573 1016 625 corporis,
1038 585 1113 624 qua
1135 573 1334 624 quondam
1357 572 1527 614 Achilles
1547 572 1666 613 eram'
1693 578 1704 628 t

938 643 958 666 *
1702 643 1703 646 ,

339 686 488 726 veritus
518 697 640 738 puer,
672 699 722 726 ne
744 686 784 725 in
806 691 963 726 secreto
994 685 1266 738 deprehensus
1287 685 1396 725 daret
1415 685 1668 726 sermonibus

226 743 382 792 locum,
404 742 603 795 proripuit
624 755 665 782 se
687 748 727 782 et
746 743 786 782 in
809 749 963 795 partem
984 742 1138 782 aedium
1161 742 1389 782 interiorem
1411 742 1511 795 fugit

940 814 962 837 *

334 853 341 906 Ι
368 854 596 895 cubiculum
618 861 748 895 autem
769 868 903 895 meum
920 855 1080 908 Chrysis
1100 854 1257 894 intravit
1273 854 1552 907 codicillosque
1570 815 1706 909 mihi}

226 912 409 952 dominae
431 925 523 953 suae
544 912 733 960 reddidit,
763 912 802 951 in
827 912 973 964 quibus
993 913 1090 951 haec
1111 916 1224 951 erant
1244 912 1411 964 scripta:
1443 912 1568 953 ‘Circe
1589 912 1705 959 Ρο--ὲ

225 969 365 1022 lyaeno
405 969 583 1009 salutem.
635 969 667 1009 si
697 969 906 1010 libidinosa
937 981 1082 1017 essem,
1115 981 1305 1020 quererer
1334 969 1519 1021 decepta3
1557 982 1665 1010 nunc
1692 978 1706 1037 1

227 1027 342 1066 etiam
364 1025 546 1079 languori
566 1032 635 1066 tuo
656 1026 801 1078 gratias
821 1039 908 1079 ago.
959 1027 999 1066 in
1023 1025 1160 1065 umbra
1182 1025 1391 1077 voluptatis
1411 1026 1559 1066 diutius
1579 1026 1666 1067 lusi.

227 1083 319 1135 quid
341 1088 472 1123 tamen
495 1095 586 1135 agas
601 1113 610 1129 ‚
634 1095 793 1134 quaero,
817 1090 856 1122 et
876 1096 925 1123 an
948 1083 1027 1123 tuis
1048 1081 1215 1135 pedibus
1235 1082 1465 1134 perveneris
1485 1044 1705 1137 domum&

228 1145 376 1192 negant
406 1139 512 1179 enim
543 1140 684 1179 medici
715 1140 800 1180 sine
831 1140 961 1180 nervis
982 1139 1162 1180 homines
1182 1138 1383 1179 ambulare
1403 1152 1533 1191 posse.
1575 1152 1701 1183 nar-2

228 1196 323 1236 rabo
345 1196 428 1245 tibi,
452 1196 697 1244 adulescens,
720 1197 919 1249 paralysin
942 1210 1045 1237 cave.
1086 1208 1290 1248 nunquam
1311 1209 1385 1248 ego
1405 1208 1567 1248 aegrum
1588 1202 1668 1237 tam

226 1266 371 1305 magno
402 1253 580 1306 periculo
610 1253 708 1303 vidi;
740 1253 891 1294 medius
922 1254 1037 1293 fidius
1066 1253 1142 1293 iam
1174 1253 1322 1305 peristi.
1365 1254 1470 1304 quod
1500 1253 1533 1293 si
1563 1253 1677 1294 idem

226 1310 351 1362 frigus
374 1322 502 1362 genua
529 1323 749 1362 manusque
773 1311 1019 1363 temptaverit
1036 1316 1135 1357 tuas,
1151 1309 1243 1350 licet
1258 1309 1305 1349 ad
1319 1309 1514 1351 tubicines
1525 1310 1667 1352 mittas.
1684 1330 1701 1363 vt.

229 1366 321 1418 quid
353 1379 447 1419 ergo
470 1365 556 1407 est?
589 1367 703 1406 etiam
726 1367 757 1407 si
780 1379 938 1418 gravem
959 1367 1144 1407 iniuriam
1165 1367 1319 1419 accepi,
1353 1366 1504 1406 homini
1534 1372 1667 1408 tamen
1682 1367 1701 1407 ζ’

227 1424 372 1464 misero
395 1437 477 1463 non
498 1423 653 1463 invideo
674 1424 924 1464 medicinam.
964 1424 996 1464 si
1017 1424 1073 1464 vis
1094 1436 1214 1463 sanus
1234 1436 1332 1471 esse,
1355 1423 1539 1464 Gitonem
1560 1436 1668 1477 roga.
1678 1428 1701 1470 ζιζ

227 1480 413 1532 recipies,
444 1480 628 1532 inquam,
661 1493 804 1520 nervos
833 1487 944 1529 tuos,
975 1482 1007 1521 si
1038 1481 1168 1520 triduo
1198 1480 1284 1520 sine
1305 1481 1427 1520 fratre
1447 1481 1667 1522 dormieris.

229 1549 319 1576 nam
343 1537 447 1588 quod
470 1538 517 1577 ad
539 1550 602 1577 me
623 1537 784 1586 attinet,
817 1550 899 1577 non
921 1538 1059 1586 timeo,
1086 1550 1136 1577 ne
1158 1536 1246 1588 quis
1267 1537 1491 1577 inveniatur
1511 1538 1574 1579 cui
1595 1538 1678 1578 mi-

229 1606 304 1633 nus
334 1593 521 1646 placeam.
563 1606 638 1634 nec
668 1594 872 1646 speculum
905 1595 998 1634 mihi
1032 1606 1105 1634 nec
1136 1595 1236 1633 fama
1257 1594 1461 1634 mentitur.
1501 1595 1605 1643 vale,
1636 1595 1669 1636 si

226 1650 365 1703 potes’.
1678 1663 1680 1666 ’

341 1713 381 1746 ut
405 1706 599 1747 intellexit
614 1707 770 1759 Chrysis
790 1707 1004 1758 perlegisse
1026 1719 1088 1746 me
1108 1713 1236 1747 totum
1257 1707 1492 1762 convicium,
1513 1707 1683 1749 ‘solent'

229 1764 359 1815 inquit
380 1763 490 1803 ‘haec
521 1764 628 1811 fieri,
660 1770 698 1803 et
724 1764 937 1815 praecipue
958 1764 997 1803 in
1020 1764 1094 1803 bac
1114 1764 1289 1813 civitate,
1321 1764 1360 1804 in
1384 1776 1462 1816 qua
1483 1765 1679 1811 mulieresj

229 1822 345 1860 etiam
377 1820 512 1860 lunam
542 1820 743 1860 deducunt
768 1821 943 1872 *itaque
973 1820 1091 1860 huius
1122 1833 1280 1872 quoque
1311 1821 1369 1860 rei
1400 1833 1495 1861 cura
1515 1828 1687 1873 αςθωας,

229 1876 404 1918 rescribe
435 1876 554 1916 modo
584 1877 767 1917 blandius
797 1877 979 1917 dominae
1009 1877 1264 1929 animumque
1295 1878 1380 1918 eius
1409 1878 1573 1918 candida
1594 1874 1698 1930 Ιιιι-Ξξ

229 1934 415 1974 nianitate
444 1933 620 1974 restitue.
661 1946 795 1973 verum
828 1934 932 1974 enim
964 1934 1164 1974 fatendum
1196 1940 1274 1974 est:
1307 1946 1353 1973 ex
1386 1947 1463 1986 qua
1489 1935 1586 1975 hora
1606 1934 1702 1976 in-:³

234 1992 372 2030 iuriam
395 1991 558 2043 accepit,
580 1991 683 2043 apud
704 2003 746 2031 se
768 2003 849 2030 non
872 1990 958 2031 est’.
1002 1991 1172 2030 libenter
1193 1991 1349 2042 quidem
1370 1992 1484 2043 parui
1505 1991 1680 2033 ancillae
1695 1995 1710 2031 ss

230 2112 318 2144 teor
348 2117 435 2151 me,
467 2104 649 2153 domina,
680 2116 797 2156 saepe
826 2116 1031 2157 peccasse3
1062 2117 1153 2144 nam
1175 2110 1212 2144 et
1234 2105 1352 2144 homo
1374 2117 1461 2145 sum
1482 2111 1521 2146 et
1541 2100 1703 2146 ειάΙιιιιιι

231 2161 396 2201 iuvenis.
440 2173 643 2212 nunquam
674 2167 806 2201 tamen
829 2167 920 2200 ante
941 2161 1049 2201 hunc
1070 2161 1173 2201 diem
1195 2174 1322 2213 usque
1342 2162 1389 2202 ad
1410 2167 1579 2202 mortem
1599 2162 1687 2207 de-s

228 2218 339 2270 liqui.
380 2218 500 2258 habes
531 2219 787 2258 confitentem
808 2230 941 2257 reum:
973 2218 1160 2270 quicquid
1182 2218 1361 2267 iusseris,
1394 2219 1530 2258 merui.
1571 2222 1701 2271 pro-'

230 2275 417 2314 ditionem
450 2274 546 2323 feci,
578 2274 778 2314 hominem
811 2274 957 2322 occidi,
987 2275 1177 2327 templum
1205 2275 1360 2315 violavi:
1394 2275 1435 2315 in
1456 2275 1552 2316 haec
1573 2275 1679 2321 ΐειοί-,.

231 2344 326 2371 nora
359 2343 504 2383 quaere
525 2331 774 2384 supplicium.
817 2331 895 2371 sive
918 2332 1098 2371 occidere
1119 2332 1268 2383 placet,
1301 2332 1407 2372 ferro
1428 2344 1516 2372 meo
1537 2332 1683 2382 venio,

230 2388 309 2427 sive
348 2387 582 2428 verberibus
613 2394 799 2428 contenta
830 2401 892 2435 es,
933 2400 1049 2428 curro
1082 2388 1211 2428 nudus
1241 2389 1286 2428 ad
1319 2388 1531 2429 dominam.
1571 2387 1668 2431 illud

346 2492 360 2522 1
385 2490 620 2531 praemissum
645 2488 747 2522 Giton
785 2487 827 2522 ad
851 2488 1039 2532 Encolpion
1070 2487 1083 2532 ΙΙ
1110 2490 1132 2522 4
1161 2490 1395 2531 praemissum
1417 2487 1602 2532 Encolpius
1625 2492 1678 2522 aff

231 2532 389 2566 Gitonem
418 2534 430 2577 ΙΙ
463 2536 483 2568 9
509 2534 604 2568 Circe
628 2533 805 2578 Polyaeno
831 2534 894 2567 sal.
920 2544 987 2568 om.
1010 2533 1040 2567 L
1066 2534 1078 2577 ΙΙ
1108 2536 1148 2567 17
1174 2536 1243 2567 tam
1266 2544 1354 2576 pare
1376 2533 1569 2567 librorum.-
1592 2532 1671 2574 sor-

231 2581 322 2611 tasse
347 2582 459 2612 tamen
486 2583 554 2613 tam
574 2579 643 2622 1131
671 2579 758 2614 hanc
781 2579 811 2613 L
828 2579 841 2623 ΙΙ
859 2581 902 2613 32
926 2580 1064 2623 inquam
1083 2582 1167 2622 post
1184 2579 1290 2613 habes
1313 2579 1451 2612 addunt
1467 2589 1514 2612 ea·
1535 2579 1562 2613 0
1587 2579 1633 2613 lib
1665 2590 1672 2607 ι

230 2625 441 2666 interpolati
459 2624 470 2667 H
490 2626 533 2658 34
558 2634 634 2658 cum
659 2624 747 2659 ferro
773 2626 909 2658 conieci
1663 2635 1675 2647 ··
1698 2636 1699 2639 ¹
