1728 2886
184 154 266 193 230
800 152 995 190 SENECAE
1526 162 1531 167 ·
1670 152 1694 196 ξ,

183 270 330 310 nullius
359 270 557 310 terrestris
586 269 763 311 animalis
793 271 859 311 sed
892 272 1016 323 qualis
1043 285 1127 312 esse
1156 273 1323 314 marinis
1346 273 1470 315 beluis
1499 276 1610 325 solet,

182 339 341 366 raucam
363 333 401 366 et
422 326 668 379 implicatam,
695 328 843 380 putavit
863 328 935 368 sibi
957 328 1114 369 tertium
1136 329 1331 370 decimum
1352 330 1524 372 laborem
1546 345 1610 372 ve-

184 383 302 423 nisse.
343 383 567 435 diligentius
588 384 759 424 intuenti
778 385 883 425 visus
912 391 971 425 est
991 385 1102 437 quasi
1124 386 1257 426 homo.
1298 388 1461 428 accessit
1481 388 1610 441 itaque

184 447 223 480 et
244 440 350 491 quod
371 440 596 480 facillimum
618 441 691 480 fuit
712 441 916 489 Graeculo,
937 441 1009 482 ait:

295 499 364 547 τίς
383 494 533 539 πόθεν
555 493 617 546 εἷς
640 490 821 553 ἀνδρῶν,
844 495 965 541 πόθι
985 514 1055 541 τοι
1076 496 1210 549 πόλις
1230 496 1307 555 ἠδὲ
1327 501 1501 556 τοκῆες,·
1640 509 1660 542 5
1680 532 1685 537 Α

185 553 366 594 Claudius
394 554 538 605 gaudet
567 567 653 595 esse
682 555 759 595 illic
789 555 1009 608 philologos
1038 557 1239 605 homines,
1277 564 1408 610 sperat
1437 558 1611 598 futurum

183 610 353 662 aliquem
387 611 561 651 historiis
589 611 670 651 suis
705 612 848 652 locum.
898 612 1028 664 itaque
1064 619 1102 652 et
1137 613 1220 666 ipse
1252 613 1464 654 Homerico
1499 626 1614 655 versu

185 667 391 708 Caesarem
412 680 454 708 se
476 681 560 708 esse
581 668 809 720 significans
830 669 901 709 ait:

330 718 520 767 Ἰλιόθεν
539 739 593 778 με
615 726 763 781 φέρων
786 721 947 778 ἄνεμος
967 723 1206 768 Κικόνεσσι
1226 725 1461 770 πέλασσεν.
1677 760 1691 770 η,

185 788 269 821 erat
289 788 418 821 autem
440 794 612 833 sequens
632 795 766 823 versus
787 783 927 832 verior,
949 795 1073 835 aeque
1094 783 1346 824 Homericus:
1646 773 1705 838 1th

342 836 456 880 ’.ἔνθα
478 835 521 879 ὂ)
546 835 628 893 ἐγώ
650 837 785 882 πόλιν
807 837 1025 894 ἔπραθον,
1048 834 1195 882 ὤλεσα
1217 835 1260 881 δ’
1287 834 1458 891 αὐτούς.
1686 832 1706 910 Q:

131 896 156 936 6
188 902 226 934 et
255 895 497 948 imposuerat
529 895 688 936 Herculi
725 897 885 939 minime
916 897 1043 945 vafro,
1084 897 1158 937 nisi
1189 897 1328 937 fuisset
1356 898 1434 938 illic
1465 898 1615 950 Febris,

185 964 284 1003 quae
307 953 398 992 fano
419 965 491 993 suo
513 953 650 993 relicto
671 953 751 993 sola
773 966 862 993 cum
893 954 959 994 illo
981 961 1159 993 venerat:
1191 961 1343 995 ceteros
1365 967 1502 996 omnes
1523 955 1616 996 deos
1681 960 1701 998 ξ

184 1009 331 1049 Romae
353 1009 577 1062 reliquerat.
619 1010 715 1050 ‘iste’
737 1011 865 1063 inquit
896 1015 1014 1050 ‘mera
1036 1011 1237 1051 mendacia
1259 1019 1403 1052 narrat.
1444 1024 1516 1064 ego
1545 1012 1616 1052 tibi
1667 999 1709 1110 J

184 1065 293 1114 dico,
325 1079 424 1118 quae
447 1079 536 1106 cum
558 1067 624 1106 illo
655 1073 714 1107 tot
743 1068 859 1108 annis
882 1068 977 1107 vixi:
1011 1067 1221 1119 Luguduni
1244 1074 1359 1109 natus
1387 1075 1466 1117 est,
1498 1069 1617 1109 Marci
1648 1070 1709 1113 lsf

184 1124 424 1176 municipem
446 1124 564 1164 vides.
607 1124 711 1176 quod
733 1124 803 1164 tibi
827 1137 964 1172 narro,
989 1124 1035 1164 ad
1058 1131 1209 1164 sextum
1233 1125 1428 1166 decimum
1449 1126 1614 1178 lapidem
1682 1112 1710 1192 ξ

186 1186 301 1220 natus
329 1187 388 1220 est
416 1193 436 1219 a
459 1180 629 1227 Vienna,
660 1181 794 1221 Gallus
821 1193 1045 1233 germanus.
1088 1182 1218 1233 itaque
1248 1183 1352 1233 quod
1378 1182 1529 1223 Gallum
1559 1184 1616 1223 sa·
1683 1204 1711 1278 Ξ

1686 1236 1711 1258 ,ι

185 1249 276 1276 cere
297 1237 525 1289 oportebat,
555 1237 717 1277 Romam
739 1238 855 1290 cepit.
897 1239 1003 1278 hunc
1034 1251 1107 1290 ego
1136 1238 1206 1278 tibi
1235 1239 1383 1291 recipio
1404 1239 1617 1292 Luguduni

185 1300 343 1342 natum,
373 1294 439 1333 ubi
461 1294 622 1334 Licinus
642 1295 775 1334 multis
795 1295 910 1335 annis
930 1295 1117 1348 regnavit.
1157 1301 1199 1334 tu
1231 1301 1383 1344 autem,
1416 1297 1483 1348 qui
1503 1297 1617 1349 plura
1689 1323 1692 1338 ς

185 1350 270 1389 loca
301 1351 454 1391 calcasti
485 1363 600 1402 quam
638 1351 740 1391 ullus
780 1352 900 1391 mulio
930 1352 1227 1404 perpetuarius,
1269 1350 1615 1407 [Lugudunenses]

185 1407 287 1447 scire
307 1407 427 1447 debes
448 1408 570 1447 multa
591 1408 694 1448 milia
722 1409 825 1448 inter
845 1408 1043 1448 Xanthum
1075 1415 1112 1447 et
1132 1408 1365 1448 Rhodanum
1397 1409 1615 1451 interesse?
1679 1411 1709 1455 j,

186 1464 435 1504 excandescit
454 1465 531 1504 hoc
561 1465 647 1504 loco
670 1465 857 1505 Claudius
881 1471 919 1504 et
940 1472 1088 1516 quanto
1110 1471 1240 1516 potest
1259 1478 1461 1506 murmure
1482 1467 1616 1507 irasci-

185 1527 263 1560 tur.
313 1521 407 1572 quid
437 1521 605 1569 diceret,
636 1534 752 1561 nemo
782 1521 1055 1573 intellegebat,
1086 1522 1149 1561 ille
1178 1527 1308 1562 autem
1338 1522 1494 1563 Febrim
1526 1524 1616 1564 duci

186 1577 357 1617 iubebat.
398 1578 463 1617 illo
495 1584 607 1630 gestu
629 1578 778 1618 solutae
798 1590 938 1619 manus
960 1585 997 1618 et
1028 1579 1073 1618 ad
1104 1578 1180 1618 hoc
1202 1591 1324 1619 unum
1355 1580 1448 1620 satis
1467 1581 1615 1628 firmae,
1687 1610 1691 1614 -

187 1646 265 1685 quo
287 1634 480 1674 decollare
502 1635 682 1675 homines
702 1635 862 1682 solebat,
890 1635 1057 1675 iusserat
1077 1635 1131 1675 illi
1153 1635 1296 1675 collum
1318 1637 1502 1689 praecidi.
1542 1649 1616 1690 pu-
1672 1680 1676 1681 ⁷
1705 1638 1720 1684 [ς’

133 1693 156 1732 7
188 1699 292 1731 tares
314 1704 451 1732 omnes
473 1692 575 1732 illius
604 1705 689 1732 esse
710 1691 891 1732 libertos:
923 1692 1020 1732 adeo
1042 1692 1149 1731 illum
1181 1705 1297 1732 nemo
1319 1693 1491 1734 curabat.
1531 1690 1614 1734 tum

187 1748 376 1788 Hercules
405 1749 505 1788 ‘audi
535 1749 609 1788 me'
638 1749 766 1800 inquit
794 1753 848 1789 ‘tu
880 1749 1015 1789 desine
1045 1748 1200 1789 fatuari.
1249 1749 1387 1790 venisti
1417 1750 1517 1799 huc,
1547 1751 1616 1791 ubi

185 1817 319 1844 mures
340 1806 488 1845 serrum
518 1805 676 1845 rodunt.
719 1805 832 1846 citius
857 1806 952 1845 mihi
973 1818 1108 1846 verum
1122 1836 1131 1854 ,
1163 1819 1212 1845 ne
1241 1806 1312 1846 tibi
1333 1806 1478 1859 alogias
1498 1820 1616 1848 excu-

185 1862 303 1901 tiam’.
345 1869 384 1902 et
404 1875 483 1915 quo
504 1862 718 1902 terribilior
739 1868 852 1910 esset,
874 1862 1047 1915 tragicus
1067 1863 1110 1902 fit
1131 1868 1170 1902 et
1190 1862 1262 1902 ait:

391 1923 591 1972 ‘exprome
612 1932 796 1972 propere,
819 1919 909 1960 sede
931 1932 1008 1972 qua
1028 1920 1185 1971 genitus
1207 1919 1324 1967 eluas,

390 1977 466 2016 hoc
490 1989 540 2016 ne
561 1982 790 2029 peremptus
809 1976 940 2029 stipite
960 1977 1005 2017 ad
1028 1982 1173 2016 terram
1195 1977 1368 2026 accidas;

391 2034 488 2073 haec
510 2034 614 2073 clava
635 2045 748 2086 reges
769 2045 885 2085 saepe
907 2033 1084 2073 mactavit
1104 2034 1221 2073 feros.

393 2090 484 2142 quid
510 2103 617 2130 nunc
637 2091 793 2142 profatu
814 2090 921 2130 vocis
941 2091 1093 2130 incerto
1114 2087 1259 2130 sonas?

393 2159 491 2199 quae
514 2147 649 2199 patria,
671 2159 771 2199 quae
792 2159 890 2198 gens
910 2146 1054 2187 mobile
1076 2146 1208 2186 eduxit
1229 2144 1375 2199 caput?

392 2203 574 2244 edissere.
617 2204 797 2256 equidem
819 2216 939 2255 regna
961 2204 1168 2255 tergemini
1191 2209 1332 2255 petens

391 2261 608 2313 longinqua
628 2261 744 2312 regis,
765 2261 870 2300 unde
891 2260 939 2300 ab
961 2260 1151 2312 Hesperio
1174 2260 1271 2300 mari

391 2318 588 2357 Inachiam
611 2317 657 2356 ad
678 2317 816 2357 urbem
840 2317 971 2357 nobile
994 2317 1127 2357 advexi
1147 2329 1280 2369 pecus,

390 2374 467 2414 vidi
488 2374 644 2414 duobus
663 2374 875 2414 imminens
895 2374 1020 2414 fluviis
1041 2374 1187 2426 iugum,

391 2431 496 2482 quod
518 2430 701 2471 Phoebus
722 2438 809 2470 ortu
831 2443 988 2483 semper
1008 2431 1172 2470 obverso
1193 2430 1315 2477 videt,

390 2488 458 2527 ubi
480 2487 694 2528 Rhodanus
716 2488 857 2541 ingens
877 2500 992 2528 amne
1014 2486 1246 2540 praerapido
1268 2485 1365 2533 fluit,

304 2622 343 2655 10
363 2630 469 2664 aeque
490 2621 687 2656 Homericus
706 2625 866 2665 suspecta
883 2622 895 2665 ΙΙ
917 2623 956 2658 12
976 2621 1101 2656 homini
1125 2620 1262 2654 minime
1276 2620 1400 2653 lunius
1417 2618 1428 2663 ΙΙ
1449 2620 1489 2652 15
1512 2617 1615 2652 marci

187 2669 394 2709 corruptum
411 2678 456 2699 ea*
473 2669 614 2700 nomine
631 2669 760 2710 opinor·
771 2667 918 2710 gallico,
943 2666 990 2707 cf'.
1005 2663 1148 2713 μάρκαν
1164 2675 1274 2708 ecum,
1298 2664 1550 2708 Marcomagum
1567 2663 1615 2698 al.
