<?xml version="1.0" encoding="UTF-8"?>
<!DOCTYPE html PUBLIC "-//W3C//DTD XHTML 1.0 Transitional//EN"
    "http://www.w3.org/TR/xhtml1/DTD/xhtml1-transitional.dtd">
<html xmlns="http://www.w3.org/1999/xhtml" xml:lang="en" lang="en">
 <head>
  <title>
</title>
<meta http-equiv="Content-Type" content="text/html;charset=utf-8" />
  <meta name='ocr-system' content='tesseract 3.04.00' />
  <meta name='ocr-capabilities' content='ocr_page ocr_carea ocr_par ocr_line ocrx_word'/>
</head>
<body>
  <div class='ocr_page' id='page_1' title='image "./satiraeetliberpr00petruoft_0036.png"; bbox 0 0 1728 2886; ppageno 0'>
   <div class='ocr_carea' id='block_1_1' title="bbox 211 135 1036 193">
    <p class='ocr_par' dir='ltr' id='par_1_1' title="bbox 211 135 1036 193">
     <span class='ocr_line' id='line_1_1' title="bbox 211 135 1036 193; baseline -0.002 -21"><span class='ocrx_word' id='word_1_1' title='bbox 211 142 284 193; x_wconf 67' lang='lat'>,32</span> <span class='ocrx_word' id='word_1_2' title='bbox 834 135 1036 171; x_wconf 72' lang='lat' dir='ltr'>PETRoNn</span> 
     </span>
    </p>
   </div>
   <div class='ocr_carea' id='block_1_2' title="bbox 231 249 1709 1546">
    <p class='ocr_par' dir='ltr' id='par_1_2' title="bbox 231 249 1709 1546">
     <span class='ocr_line' id='line_1_2' title="bbox 231 249 1709 302; baseline -0.005 -4"><span class='ocrx_word' id='word_1_3' title='bbox 231 258 307 297; x_wconf 91' lang='lat' dir='ltr'>hoc</span> <span class='ocrx_word' id='word_1_4' title='bbox 327 257 451 297; x_wconf 92' lang='lat' dir='ltr'>solum</span> <span class='ocrx_word' id='word_1_5' title='bbox 473 260 601 294; x_wconf 89' lang='lat' dir='ltr'>vetare</span> <span class='ocrx_word' id='word_1_6' title='bbox 633 264 706 291; x_wconf 88' lang='lat' dir='ltr'>nec</span> <span class='ocrx_word' id='word_1_7' title='bbox 727 251 827 291; x_wconf 81' lang='lat' dir='ltr'>Iovis</span> <span class='ocrx_word' id='word_1_8' title='bbox 846 256 986 302; x_wconf 87' lang='lat' dir='ltr'>potest.</span> <span class='ocrx_word' id='word_1_9' title='bbox 1027 250 1143 298; x_wconf 89' lang='lat' dir='ltr'>rides,</span> <span class='ocrx_word' id='word_1_10' title='bbox 1165 249 1400 298; x_wconf 85' lang='lat' dir='ltr'>Fortunata,</span> <span class='ocrx_word' id='word_1_11' title='bbox 1433 262 1530 302; x_wconf 85' lang='lat' dir='ltr'>quae</span> <span class='ocrx_word' id='word_1_12' title='bbox 1550 249 1653 290; x_wconf 84' lang='lat' dir='ltr'>soles</span> <span class='ocrx_word' id='word_1_13' title='bbox 1665 254 1709 290; x_wconf 69' lang='grc' dir='ltr'><em>Η</em></span> 
     </span>
     <span class='ocr_line' id='line_1_3' title="bbox 233 305 1651 353; baseline -0.005 1"><span class='ocrx_word' id='word_1_14' title='bbox 233 326 295 353; x_wconf 89' lang='lat' dir='ltr'>me</span> <span class='ocrx_word' id='word_1_15' title='bbox 317 319 431 353; x_wconf 87' lang='lat' dir='ltr'>nocte</span> <span class='ocrx_word' id='word_1_16' title='bbox 452 312 678 350; x_wconf 82' lang='lat' dir='ltr'>desomnem</span> <span class='ocrx_word' id='word_1_17' title='bbox 700 305 858 347; x_wconf 82' lang='lat' dir='ltr'>facere?</span> <span class='ocrx_word' id='word_1_18' title='bbox 898 319 971 346; x_wconf 92' lang='lat' dir='ltr'>nec</span> <span class='ocrx_word' id='word_1_19' title='bbox 991 313 1120 346; x_wconf 88' lang='lat' dir='ltr'>tamen</span> <span class='ocrx_word' id='word_1_20' title='bbox 1143 306 1183 345; x_wconf 91' lang='lat' dir='ltr'>in</span> <span class='ocrx_word' id='word_1_21' title='bbox 1204 305 1374 346; x_wconf 86' lang='lat' dir='ltr'>triclinio</span> <span class='ocrx_word' id='word_1_22' title='bbox 1395 306 1516 346; x_wconf 90' lang='lat' dir='ltr'>ullum</span> <span class='ocrx_word' id='word_1_23' title='bbox 1537 311 1651 347; x_wconf 89' lang='lat' dir='ltr'>vetuo</span> 
     </span>
     <span class='ocr_line' id='line_1_4' title="bbox 234 362 1653 430; baseline -0.005 -21"><span class='ocrx_word' id='word_1_24' title='bbox 234 371 362 409; x_wconf 83' lang='lat' dir='ltr'>facere</span> <span class='ocrx_word' id='word_1_25' title='bbox 380 367 481 430; x_wconf 86' lang='lat' dir='ltr'>quod</span> <span class='ocrx_word' id='word_1_26' title='bbox 504 379 545 406; x_wconf 92' lang='lat' dir='ltr'>se</span> <span class='ocrx_word' id='word_1_27' title='bbox 566 366 682 413; x_wconf 83' lang='lat' dir='ltr'>iuvet,</span> <span class='ocrx_word' id='word_1_28' title='bbox 704 370 742 404; x_wconf 91' lang='lat' dir='ltr'>et</span> <span class='ocrx_word' id='word_1_29' title='bbox 762 363 901 403; x_wconf 90' lang='lat' dir='ltr'>medici</span> <span class='ocrx_word' id='word_1_30' title='bbox 921 368 1053 402; x_wconf 88' lang='lat' dir='ltr'>vetant</span> <span class='ocrx_word' id='word_1_31' title='bbox 1073 362 1290 402; x_wconf 89' lang='lat' dir='ltr'>continere.</span> <span class='ocrx_word' id='word_1_32' title='bbox 1320 362 1380 402; x_wconf 90' lang='lat' dir='ltr'>vel</span> <span class='ocrx_word' id='word_1_33' title='bbox 1399 363 1431 404; x_wconf 92' lang='lat' dir='ltr'>si</span> <span class='ocrx_word' id='word_1_34' title='bbox 1452 363 1544 415; x_wconf 91' lang='lat' dir='ltr'>quid</span> <span class='ocrx_word' id='word_1_35' title='bbox 1564 362 1653 415; x_wconf 92' lang='lat' dir='ltr'>plus</span> 
     </span>
     <span class='ocr_line' id='line_1_5' title="bbox 233 418 1694 474; baseline -0.003 -10"><span class='ocrx_word' id='word_1_36' title='bbox 233 426 350 472; x_wconf 90' lang='lat' dir='ltr'>venit,</span> <span class='ocrx_word' id='word_1_37' title='bbox 372 423 502 463; x_wconf 90' lang='lat' dir='ltr'>omnia</span> <span class='ocrx_word' id='word_1_38' title='bbox 523 423 625 462; x_wconf 84' lang='lat' dir='ltr'>foras</span> <span class='ocrx_word' id='word_1_39' title='bbox 645 427 777 474; x_wconf 89' lang='lat' dir='ltr'>parata</span> <span class='ocrx_word' id='word_1_40' title='bbox 798 426 910 460; x_wconf 85' lang='lat' dir='ltr'>sunt:</span> <span class='ocrx_word' id='word_1_41' title='bbox 941 431 1053 471; x_wconf 90' lang='lat' dir='ltr'>aqua,</span> <span class='ocrx_word' id='word_1_42' title='bbox 1083 418 1206 459; x_wconf 88' lang='lat' dir='ltr'>lasani</span> <span class='ocrx_word' id='word_1_43' title='bbox 1227 424 1265 458; x_wconf 88' lang='lat' dir='ltr'>et</span> <span class='ocrx_word' id='word_1_44' title='bbox 1286 424 1416 459; x_wconf 86' lang='lat' dir='ltr'>cetera</span> <span class='ocrx_word' id='word_1_45' title='bbox 1437 419 1652 460; x_wconf 88' lang='lat' dir='ltr'>minutalia.</span> <span class='ocrx_word' id='word_1_46' title='bbox 1691 442 1694 444; x_wconf 94' lang='lat'><em>-</em></span> 
     </span>
     <span class='ocr_line' id='line_1_6' title="bbox 234 475 1703 541; baseline -0.003 -20"><span class='ocrx_word' id='word_1_47' title='bbox 234 481 380 520; x_wconf 83' lang='lat' dir='ltr'>credite</span> <span class='ocrx_word' id='word_1_48' title='bbox 411 479 524 527; x_wconf 87' lang='lat' dir='ltr'>mihi,</span> <span class='ocrx_word' id='word_1_49' title='bbox 568 477 841 541; x_wconf 84' lang='lat' dir='ltr'>anathymiasis</span> <span class='ocrx_word' id='word_1_50' title='bbox 871 478 910 516; x_wconf 92' lang='lat' dir='ltr'>in</span> <span class='ocrx_word' id='word_1_51' title='bbox 943 475 1148 516; x_wconf 88' lang='lat' dir='ltr'>cerebrum</span> <span class='ocrx_word' id='word_1_52' title='bbox 1179 475 1208 514; x_wconf 90' lang='lat' dir='ltr'>it</span> <span class='ocrx_word' id='word_1_53' title='bbox 1237 481 1276 515; x_wconf 90' lang='lat' dir='ltr'>et</span> <span class='ocrx_word' id='word_1_54' title='bbox 1305 475 1345 515; x_wconf 88' lang='lat' dir='ltr'>in</span> <span class='ocrx_word' id='word_1_55' title='bbox 1376 481 1458 516; x_wconf 89' lang='lat' dir='ltr'>toto</span> <span class='ocrx_word' id='word_1_56' title='bbox 1489 487 1656 528; x_wconf 87' lang='lat' dir='ltr'>corpore</span> <span class='ocrx_word' id='word_1_57' title='bbox 1683 483 1703 517; x_wconf 88' lang='lat'>5</span> 
     </span>
     <span class='ocr_line' id='line_1_7' title="bbox 233 532 1654 584; baseline -0.004 -7"><span class='ocrx_word' id='word_1_58' title='bbox 233 538 395 577; x_wconf 88' lang='lat' dir='ltr'>fluctum</span> <span class='ocrx_word' id='word_1_59' title='bbox 416 536 520 576; x_wconf 89' lang='lat' dir='ltr'>facit.</span> <span class='ocrx_word' id='word_1_60' title='bbox 560 535 703 574; x_wconf 87' lang='lat' dir='ltr'>multos</span> <span class='ocrx_word' id='word_1_61' title='bbox 723 534 804 574; x_wconf 90' lang='lat' dir='ltr'>scio</span> <span class='ocrx_word' id='word_1_62' title='bbox 834 533 889 573; x_wconf 93' lang='lat' dir='ltr'>sic</span> <span class='ocrx_word' id='word_1_63' title='bbox 918 532 1103 584; x_wconf 88' lang='lat' dir='ltr'>periisse,</span> <span class='ocrx_word' id='word_1_64' title='bbox 1134 532 1227 571; x_wconf 89' lang='lat' dir='ltr'>dum</span> <span class='ocrx_word' id='word_1_65' title='bbox 1257 532 1399 572; x_wconf 91' lang='lat' dir='ltr'>nolunt</span> <span class='ocrx_word' id='word_1_66' title='bbox 1427 532 1502 572; x_wconf 88' lang='lat' dir='ltr'>sibi</span> <span class='ocrx_word' id='word_1_67' title='bbox 1521 544 1654 572; x_wconf 88' lang='lat' dir='ltr'>verum</span> 
     </span>
     <span class='ocr_line' id='line_1_8' title="bbox 234 587 1656 644; baseline -0.004 -11"><span class='ocrx_word' id='word_1_68' title='bbox 234 593 388 633; x_wconf 89' lang='lat' dir='ltr'>dicere&#39;.</span> <span class='ocrx_word' id='word_1_69' title='bbox 429 592 571 644; x_wconf 78' lang='lat' dir='ltr'><strong>gratias</strong></span> <span class='ocrx_word' id='word_1_70' title='bbox 590 591 738 642; x_wconf 80' lang='lat' dir='ltr'>agimus</span> <span class='ocrx_word' id='word_1_71' title='bbox 758 589 978 633; x_wconf 80' lang='lat' dir='ltr'>liberalitati</span> <span class='ocrx_word' id='word_1_72' title='bbox 998 587 1342 640; x_wconf 82' lang='lat' dir='ltr'>indulgentiaeque</span> <span class='ocrx_word' id='word_1_73' title='bbox 1363 588 1466 638; x_wconf 89' lang='lat' dir='ltr'>eius,</span> <span class='ocrx_word' id='word_1_74' title='bbox 1497 594 1536 628; x_wconf 86' lang='lat' dir='ltr'>et</span> <span class='ocrx_word' id='word_1_75' title='bbox 1563 588 1656 629; x_wconf 90' lang='lat' dir='ltr'>sub-</span> 
     </span>
     <span class='ocr_line' id='line_1_9' title="bbox 235 645 1657 700; baseline -0.004 -10"><span class='ocrx_word' id='word_1_76' title='bbox 235 651 325 690; x_wconf 86' lang='lat' dir='ltr'>inde</span> <span class='ocrx_word' id='word_1_77' title='bbox 356 650 589 700; x_wconf 86' lang='lat' dir='ltr'>castigamus</span> <span class='ocrx_word' id='word_1_78' title='bbox 619 647 767 687; x_wconf 81' lang='lat' dir='ltr'>crebris</span> <span class='ocrx_word' id='word_1_79' title='bbox 796 645 1036 698; x_wconf 80' lang='lat' dir='ltr'>potiunculis</span> <span class='ocrx_word' id='word_1_80' title='bbox 1065 645 1198 685; x_wconf 91' lang='lat' dir='ltr'>risum.</span> <span class='ocrx_word' id='word_1_81' title='bbox 1240 657 1312 684; x_wconf 89' lang='lat' dir='ltr'>nec</span> <span class='ocrx_word' id='word_1_82' title='bbox 1351 645 1478 685; x_wconf 88' lang='lat' dir='ltr'>adhuc</span> <span class='ocrx_word' id='word_1_83' title='bbox 1507 645 1657 686; x_wconf 88' lang='lat' dir='ltr'>scieba-</span> 
     </span>
     <span class='ocr_line' id='line_1_10' title="bbox 235 701 1656 753; baseline -0.004 -6"><span class='ocrx_word' id='word_1_84' title='bbox 235 719 322 746; x_wconf 88' lang='lat' dir='ltr'>mus</span> <span class='ocrx_word' id='word_1_85' title='bbox 344 719 416 746; x_wconf 93' lang='lat' dir='ltr'>nos</span> <span class='ocrx_word' id='word_1_86' title='bbox 438 706 478 745; x_wconf 93' lang='lat' dir='ltr'>in</span> <span class='ocrx_word' id='word_1_87' title='bbox 499 705 626 744; x_wconf 91' lang='lat' dir='ltr'>medio</span> <span class='ocrx_word' id='word_1_88' title='bbox 647 704 906 750; x_wconf 86' lang='lat' dir='ltr'>lautitiarum,</span> <span class='ocrx_word' id='word_1_89' title='bbox 939 701 1042 753; x_wconf 91' lang='lat' dir='ltr'>quod</span> <span class='ocrx_word' id='word_1_90' title='bbox 1065 701 1196 750; x_wconf 89' lang='lat' dir='ltr'>aiunt,</span> <span class='ocrx_word' id='word_1_91' title='bbox 1217 701 1315 741; x_wconf 91' lang='lat' dir='ltr'>clivo</span> <span class='ocrx_word' id='word_1_92' title='bbox 1335 701 1525 742; x_wconf 90' lang='lat' dir='ltr'>laborare.</span> <span class='ocrx_word' id='word_1_93' title='bbox 1567 713 1656 742; x_wconf 89' lang='lat' dir='ltr'>nam</span> 
     </span>
     <span class='ocr_line' id='line_1_11' title="bbox 235 758 1707 812; baseline -0.003 -10"><span class='ocrx_word' id='word_1_94' title='bbox 235 775 324 802; x_wconf 87' lang='lat' dir='ltr'>cum</span> <span class='ocrx_word' id='word_1_95' title='bbox 348 762 541 801; x_wconf 87' lang='lat' dir='ltr'>mundatis</span> <span class='ocrx_word' id='word_1_96' title='bbox 562 761 608 799; x_wconf 90' lang='lat' dir='ltr'>ad</span> <span class='ocrx_word' id='word_1_97' title='bbox 629 759 898 812; x_wconf 83' lang='lat' dir='ltr'>symphoniam</span> <span class='ocrx_word' id='word_1_98' title='bbox 921 758 1067 798; x_wconf 89' lang='lat' dir='ltr'>mensis</span> <span class='ocrx_word' id='word_1_99' title='bbox 1086 765 1168 798; x_wconf 91' lang='lat' dir='ltr'>tres</span> <span class='ocrx_word' id='word_1_100' title='bbox 1188 758 1263 798; x_wconf 84' lang='lat' dir='ltr'>albi</span> <span class='ocrx_word' id='word_1_101' title='bbox 1284 771 1374 799; x_wconf 89' lang='lat' dir='ltr'>sues</span> <span class='ocrx_word' id='word_1_102' title='bbox 1387 758 1427 799; x_wconf 92' lang='lat' dir='ltr'>in</span> <span class='ocrx_word' id='word_1_103' title='bbox 1444 758 1659 799; x_wconf 86' lang='lat' dir='ltr'>triclinium</span> <span class='ocrx_word' id='word_1_104' title='bbox 1687 763 1707 799; x_wconf 77' lang='lat'><em>1</em></span> 
     </span>
     <span class='ocr_line' id='line_1_12' title="bbox 235 814 1659 869; baseline -0.002 -11"><span class='ocrx_word' id='word_1_105' title='bbox 235 818 390 858; x_wconf 88' lang='lat' dir='ltr'>adducti</span> <span class='ocrx_word' id='word_1_106' title='bbox 411 824 503 857; x_wconf 90' lang='lat' dir='ltr'>sunt</span> <span class='ocrx_word' id='word_1_107' title='bbox 524 817 701 869; x_wconf 86' lang='lat' dir='ltr'>capistris</span> <span class='ocrx_word' id='word_1_108' title='bbox 723 823 760 856; x_wconf 90' lang='lat' dir='ltr'>et</span> <span class='ocrx_word' id='word_1_109' title='bbox 776 815 1049 855; x_wconf 86' lang='lat' dir='ltr'>tintinnabulis</span> <span class='ocrx_word' id='word_1_110' title='bbox 1065 815 1171 863; x_wconf 86' lang='lat' dir='ltr'>culti,</span> <span class='ocrx_word' id='word_1_111' title='bbox 1188 827 1355 866; x_wconf 87' lang='lat' dir='ltr'>quorum</span> <span class='ocrx_word' id='word_1_112' title='bbox 1370 827 1494 855; x_wconf 91' lang='lat' dir='ltr'>unum</span> <span class='ocrx_word' id='word_1_113' title='bbox 1511 814 1659 855; x_wconf 88' lang='lat' dir='ltr'>bimum</span> 
     </span>
     <span class='ocr_line' id='line_1_13' title="bbox 237 871 1660 920; baseline -0.002 -6"><span class='ocrx_word' id='word_1_114' title='bbox 237 874 537 914; x_wconf 88' lang='lat' dir='ltr'>nomenculator</span> <span class='ocrx_word' id='word_1_115' title='bbox 567 886 652 913; x_wconf 92' lang='lat' dir='ltr'>esse</span> <span class='ocrx_word' id='word_1_116' title='bbox 682 873 856 920; x_wconf 87' lang='lat' dir='ltr'>dicebat,</span> <span class='ocrx_word' id='word_1_117' title='bbox 888 872 1050 911; x_wconf 90' lang='lat' dir='ltr'>alterum</span> <span class='ocrx_word' id='word_1_118' title='bbox 1072 872 1250 920; x_wconf 88' lang='lat' dir='ltr'>trimum,</span> <span class='ocrx_word' id='word_1_119' title='bbox 1283 872 1441 912; x_wconf 86' lang='lat' dir='ltr'>tertium</span> <span class='ocrx_word' id='word_1_120' title='bbox 1470 884 1562 912; x_wconf 86' lang='lat' dir='ltr'>vero</span> <span class='ocrx_word' id='word_1_121' title='bbox 1583 871 1660 911; x_wconf 91' lang='lat' dir='ltr'>iam</span> 
     </span>
     <span class='ocr_line' id='line_1_14' title="bbox 236 927 1661 982; baseline -0.002 -11"><span class='ocrx_word' id='word_1_122' title='bbox 236 943 468 979; x_wconf 85' lang='lat' dir='ltr'>sexennem,</span> <span class='ocrx_word' id='word_1_123' title='bbox 501 943 573 982; x_wconf 87' lang='lat' dir='ltr'>ego</span> <span class='ocrx_word' id='word_1_124' title='bbox 595 929 776 982; x_wconf 88' lang='lat' dir='ltr'>putabam</span> <span class='ocrx_word' id='word_1_125' title='bbox 799 928 1091 980; x_wconf 84' lang='lat' dir='ltr'>petauristarios</span> <span class='ocrx_word' id='word_1_126' title='bbox 1111 928 1277 968; x_wconf 83' lang='lat' dir='ltr'>intrasse</span> <span class='ocrx_word' id='word_1_127' title='bbox 1299 934 1338 968; x_wconf 87' lang='lat' dir='ltr'>et</span> <span class='ocrx_word' id='word_1_128' title='bbox 1364 941 1528 981; x_wconf 86' lang='lat' dir='ltr'>porcos,</span> <span class='ocrx_word' id='word_1_129' title='bbox 1559 927 1661 968; x_wconf 88' lang='lat' dir='ltr'>sicut</span> 
     </span>
     <span class='ocr_line' id='line_1_15' title="bbox 237 985 1661 1038; baseline -0.002 -11"><span class='ocrx_word' id='word_1_130' title='bbox 237 988 276 1027; x_wconf 92' lang='lat' dir='ltr'>in</span> <span class='ocrx_word' id='word_1_131' title='bbox 300 987 454 1027; x_wconf 90' lang='lat' dir='ltr'>circulis</span> <span class='ocrx_word' id='word_1_132' title='bbox 475 999 559 1026; x_wconf 92' lang='lat' dir='ltr'>mos</span> <span class='ocrx_word' id='word_1_133' title='bbox 581 993 650 1035; x_wconf 90' lang='lat' dir='ltr'>est,</span> <span class='ocrx_word' id='word_1_134' title='bbox 672 991 854 1038; x_wconf 87' lang='lat' dir='ltr'>portenta</span> <span class='ocrx_word' id='word_1_135' title='bbox 875 985 1005 1036; x_wconf 91' lang='lat' dir='ltr'>aliqua</span> <span class='ocrx_word' id='word_1_136' title='bbox 1025 985 1216 1034; x_wconf 81' lang='lat' dir='ltr'>facturos;</span> <span class='ocrx_word' id='word_1_137' title='bbox 1247 985 1312 1026; x_wconf 90' lang='lat' dir='ltr'>sed</span> <span class='ocrx_word' id='word_1_138' title='bbox 1335 985 1570 1026; x_wconf 89' lang='lat' dir='ltr'>Trimalchio</span> <span class='ocrx_word' id='word_1_139' title='bbox 1591 997 1661 1026; x_wconf 89' lang='lat' dir='ltr'>ex-</span> 
     </span>
     <span class='ocr_line' id='line_1_16' title="bbox 236 1041 1707 1096; baseline -0.002 -13"><span class='ocrx_word' id='word_1_140' title='bbox 236 1044 459 1096; x_wconf 87' lang='lat' dir='ltr'>pectatione</span> <span class='ocrx_word' id='word_1_141' title='bbox 490 1043 663 1083; x_wconf 93' lang='lat' dir='ltr'>discussa</span> <span class='ocrx_word' id='word_1_142' title='bbox 686 1042 829 1094; x_wconf 84' lang='lat' dir='ltr'>‘quem&#39;</span> <span class='ocrx_word' id='word_1_143' title='bbox 851 1042 981 1093; x_wconf 86' lang='lat' dir='ltr'>inquit</span> <span class='ocrx_word' id='word_1_144' title='bbox 1003 1046 1063 1081; x_wconf 86' lang='lat' dir='ltr'>‘ex</span> <span class='ocrx_word' id='word_1_145' title='bbox 1093 1041 1149 1081; x_wconf 90' lang='lat' dir='ltr'>eis</span> <span class='ocrx_word' id='word_1_146' title='bbox 1177 1041 1292 1082; x_wconf 86' lang='lat' dir='ltr'>vultis</span> <span class='ocrx_word' id='word_1_147' title='bbox 1312 1042 1351 1082; x_wconf 91' lang='lat' dir='ltr'>in</span> <span class='ocrx_word' id='word_1_148' title='bbox 1374 1054 1512 1082; x_wconf 90' lang='lat' dir='ltr'>cenam</span> <span class='ocrx_word' id='word_1_149' title='bbox 1531 1041 1662 1082; x_wconf 85' lang='lat' dir='ltr'>statim</span> <span class='ocrx_word' id='word_1_150' title='bbox 1690 1044 1707 1080; x_wconf 85' lang='lat'><em>1</em></span> 
     </span>
     <span class='ocr_line' id='line_1_17' title="bbox 237 1098 1661 1151; baseline -0.001 -11"><span class='ocrx_word' id='word_1_151' title='bbox 237 1099 352 1140; x_wconf 77' lang='lat' dir='ltr'>fieri?</span> <span class='ocrx_word' id='word_1_152' title='bbox 392 1100 532 1151; x_wconf 89' lang='lat' dir='ltr'>gallum</span> <span class='ocrx_word' id='word_1_153' title='bbox 556 1100 661 1139; x_wconf 90' lang='lat' dir='ltr'>enim</span> <span class='ocrx_word' id='word_1_154' title='bbox 682 1099 958 1151; x_wconf 85' lang='lat' dir='ltr'>gallinaceum,</span> <span class='ocrx_word' id='word_1_155' title='bbox 980 1098 1234 1150; x_wconf 88' lang='lat' dir='ltr'>penthiacum</span> <span class='ocrx_word' id='word_1_156' title='bbox 1255 1104 1294 1138; x_wconf 93' lang='lat' dir='ltr'>et</span> <span class='ocrx_word' id='word_1_157' title='bbox 1313 1098 1503 1139; x_wconf 90' lang='lat' dir='ltr'>eiusmodi</span> <span class='ocrx_word' id='word_1_158' title='bbox 1523 1098 1661 1139; x_wconf 88' lang='lat' dir='ltr'>nenias</span> 
     </span>
     <span class='ocr_line' id='line_1_18' title="bbox 238 1154 1660 1197; baseline -0.001 -1"><span class='ocrx_word' id='word_1_159' title='bbox 238 1157 373 1197; x_wconf 83' lang='lat' dir='ltr'>rustici</span> <span class='ocrx_word' id='word_1_160' title='bbox 395 1157 562 1196; x_wconf 85' lang='lat' dir='ltr'>faciunt:</span> <span class='ocrx_word' id='word_1_161' title='bbox 585 1156 660 1195; x_wconf 89' lang='lat' dir='ltr'>mei</span> <span class='ocrx_word' id='word_1_162' title='bbox 683 1156 766 1196; x_wconf 90' lang='lat' dir='ltr'>coci</span> <span class='ocrx_word' id='word_1_163' title='bbox 788 1155 904 1195; x_wconf 86' lang='lat' dir='ltr'>etiam</span> <span class='ocrx_word' id='word_1_164' title='bbox 924 1155 1065 1195; x_wconf 88' lang='lat' dir='ltr'>vitulos</span> <span class='ocrx_word' id='word_1_165' title='bbox 1084 1167 1183 1194; x_wconf 88' lang='lat' dir='ltr'>aeno</span> <span class='ocrx_word' id='word_1_166' title='bbox 1204 1160 1338 1195; x_wconf 90' lang='lat' dir='ltr'>coctos</span> <span class='ocrx_word' id='word_1_167' title='bbox 1358 1155 1488 1195; x_wconf 89' lang='lat' dir='ltr'>solent</span> <span class='ocrx_word' id='word_1_168' title='bbox 1507 1154 1660 1195; x_wconf 81' lang='lat' dir='ltr'>sacere’.</span> 
     </span>
     <span class='ocr_line' id='line_1_19' title="bbox 238 1211 1662 1264; baseline -0.001 -11"><span class='ocrx_word' id='word_1_169' title='bbox 238 1214 507 1264; x_wconf 88' lang='lat' dir='ltr'>continuoque</span> <span class='ocrx_word' id='word_1_170' title='bbox 537 1225 674 1253; x_wconf 89' lang='lat' dir='ltr'>cocum</span> <span class='ocrx_word' id='word_1_171' title='bbox 703 1212 832 1251; x_wconf 86' lang='lat' dir='ltr'>vocari</span> <span class='ocrx_word' id='word_1_172' title='bbox 863 1211 994 1259; x_wconf 88' lang='lat' dir='ltr'>iussit,</span> <span class='ocrx_word' id='word_1_173' title='bbox 1033 1217 1072 1252; x_wconf 86' lang='lat' dir='ltr'>et</span> <span class='ocrx_word' id='word_1_174' title='bbox 1111 1224 1192 1251; x_wconf 92' lang='lat' dir='ltr'>non</span> <span class='ocrx_word' id='word_1_175' title='bbox 1232 1217 1433 1264; x_wconf 87' lang='lat' dir='ltr'>expectata</span> <span class='ocrx_word' id='word_1_176' title='bbox 1470 1211 1662 1252; x_wconf 84' lang='lat' dir='ltr'>electione</span> 
     </span>
     <span class='ocr_line' id='line_1_20' title="bbox 239 1267 1662 1320; baseline -0.001 -11"><span class='ocrx_word' id='word_1_177' title='bbox 239 1276 371 1310; x_wconf 87' lang='lat' dir='ltr'>nostra</span> <span class='ocrx_word' id='word_1_178' title='bbox 393 1270 602 1309; x_wconf 88' lang='lat' dir='ltr'>maximum</span> <span class='ocrx_word' id='word_1_179' title='bbox 625 1275 718 1309; x_wconf 91' lang='lat' dir='ltr'>natu</span> <span class='ocrx_word' id='word_1_180' title='bbox 739 1268 851 1309; x_wconf 90' lang='lat' dir='ltr'>iussit</span> <span class='ocrx_word' id='word_1_181' title='bbox 871 1268 1017 1317; x_wconf 88' lang='lat' dir='ltr'>occidi,</span> <span class='ocrx_word' id='word_1_182' title='bbox 1049 1273 1087 1307; x_wconf 90' lang='lat' dir='ltr'>et</span> <span class='ocrx_word' id='word_1_183' title='bbox 1107 1268 1208 1307; x_wconf 88' lang='lat' dir='ltr'>clara</span> <span class='ocrx_word' id='word_1_184' title='bbox 1228 1280 1343 1308; x_wconf 86' lang='lat' dir='ltr'>voce:</span> <span class='ocrx_word' id='word_1_185' title='bbox 1375 1271 1435 1308; x_wconf 88' lang='lat' dir='ltr'>‘ex</span> <span class='ocrx_word' id='word_1_186' title='bbox 1456 1273 1572 1320; x_wconf 88' lang='lat' dir='ltr'>quota</span> <span class='ocrx_word' id='word_1_187' title='bbox 1594 1267 1662 1308; x_wconf 86' lang='lat' dir='ltr'>de·</span> 
     </span>
     <span class='ocr_line' id='line_1_21' title="bbox 239 1324 1706 1377; baseline -0.001 -11"><span class='ocrx_word' id='word_1_188' title='bbox 239 1327 344 1366; x_wconf 92' lang='lat' dir='ltr'>curia</span> <span class='ocrx_word' id='word_1_189' title='bbox 367 1325 446 1366; x_wconf 79' lang='lat' dir='ltr'>es‘?&#39;</span> <span class='ocrx_word' id='word_1_190' title='bbox 487 1339 576 1365; x_wconf 92' lang='lat' dir='ltr'>cum</span> <span class='ocrx_word' id='word_1_191' title='bbox 598 1326 662 1365; x_wconf 89' lang='lat' dir='ltr'>ille</span> <span class='ocrx_word' id='word_1_192' title='bbox 681 1339 722 1366; x_wconf 91' lang='lat' dir='ltr'>se</span> <span class='ocrx_word' id='word_1_193' title='bbox 743 1338 790 1364; x_wconf 86' lang='lat' dir='ltr'>ex</span> <span class='ocrx_word' id='word_1_194' title='bbox 811 1324 1106 1377; x_wconf 90' lang='lat' dir='ltr'>quadragesima</span> <span class='ocrx_word' id='word_1_195' title='bbox 1126 1324 1415 1377; x_wconf 82' lang='lat' dir='ltr'>respondisset,</span> <span class='ocrx_word' id='word_1_196' title='bbox 1445 1324 1665 1376; x_wconf 86' lang='lat' dir='ltr'>‘empticius</span> <span class='ocrx_word' id='word_1_197' title='bbox 1691 1328 1706 1364; x_wconf 60' lang='grc' dir='ltr'>ἱ</span> 
     </span>
     <span class='ocr_line' id='line_1_22' title="bbox 239 1381 1663 1434; baseline -0.001 -12"><span class='ocrx_word' id='word_1_198' title='bbox 239 1382 301 1422; x_wconf 88' lang='lat' dir='ltr'>an’</span> <span class='ocrx_word' id='word_1_199' title='bbox 323 1383 452 1434; x_wconf 89' lang='lat' dir='ltr'>inquit</span> <span class='ocrx_word' id='word_1_200' title='bbox 472 1383 587 1422; x_wconf 81' lang='lat' dir='ltr'>‘domi</span> <span class='ocrx_word' id='word_1_201' title='bbox 610 1381 766 1422; x_wconf 80' lang='lat' dir='ltr'>natus?&#39;</span> <span class='ocrx_word' id='word_1_202' title='bbox 808 1381 1016 1421; x_wconf 82' lang='lat' dir='ltr'>‘neutrum’</span> <span class='ocrx_word' id='word_1_203' title='bbox 1039 1381 1167 1433; x_wconf 89' lang='lat' dir='ltr'>inquit</span> <span class='ocrx_word' id='word_1_204' title='bbox 1186 1394 1306 1422; x_wconf 89' lang='lat' dir='ltr'>cocus</span> <span class='ocrx_word' id='word_1_205' title='bbox 1327 1382 1407 1423; x_wconf 87' lang='lat' dir='ltr'>‘sed</span> <span class='ocrx_word' id='word_1_206' title='bbox 1430 1387 1663 1422; x_wconf 88' lang='lat' dir='ltr'>testamento</span> 
     </span>
     <span class='ocr_line' id='line_1_23' title="bbox 241 1437 1662 1491; baseline 0 -13"><span class='ocrx_word' id='word_1_207' title='bbox 241 1440 388 1479; x_wconf 84' lang='lat' dir='ltr'>Pansae</span> <span class='ocrx_word' id='word_1_208' title='bbox 418 1438 488 1478; x_wconf 88' lang='lat' dir='ltr'>tibi</span> <span class='ocrx_word' id='word_1_209' title='bbox 519 1439 679 1478; x_wconf 90' lang='lat' dir='ltr'>relictus</span> <span class='ocrx_word' id='word_1_210' title='bbox 708 1438 819 1479; x_wconf 86' lang='lat' dir='ltr'>sum.’</span> <span class='ocrx_word' id='word_1_211' title='bbox 863 1438 960 1478; x_wconf 89' lang='lat' dir='ltr'>‘vide</span> <span class='ocrx_word' id='word_1_212' title='bbox 991 1437 1098 1490; x_wconf 87' lang='lat' dir='ltr'>ergo&#39;</span> <span class='ocrx_word' id='word_1_213' title='bbox 1128 1438 1180 1478; x_wconf 90' lang='lat' dir='ltr'>ait</span> <span class='ocrx_word' id='word_1_214' title='bbox 1209 1442 1267 1478; x_wconf 83' lang='lat' dir='ltr'>‘ut</span> <span class='ocrx_word' id='word_1_215' title='bbox 1286 1438 1495 1489; x_wconf 86' lang='lat' dir='ltr'>diligenter</span> <span class='ocrx_word' id='word_1_216' title='bbox 1513 1449 1662 1491; x_wconf 88' lang='lat' dir='ltr'>ponas;</span> 
     </span>
     <span class='ocr_line' id='line_1_24' title="bbox 243 1494 1663 1546; baseline -0.001 -12"><span class='ocrx_word' id='word_1_217' title='bbox 243 1496 275 1535; x_wconf 89' lang='lat' dir='ltr'>si</span> <span class='ocrx_word' id='word_1_218' title='bbox 297 1508 375 1535; x_wconf 91' lang='lat' dir='ltr'>non</span> <span class='ocrx_word' id='word_1_219' title='bbox 392 1526 401 1543; x_wconf 95' lang='lat'>,</span> <span class='ocrx_word' id='word_1_220' title='bbox 431 1501 470 1534; x_wconf 90' lang='lat' dir='ltr'>te</span> <span class='ocrx_word' id='word_1_221' title='bbox 491 1495 635 1534; x_wconf 91' lang='lat' dir='ltr'>iubebo</span> <span class='ocrx_word' id='word_1_222' title='bbox 665 1496 705 1534; x_wconf 91' lang='lat' dir='ltr'>in</span> <span class='ocrx_word' id='word_1_223' title='bbox 739 1495 938 1535; x_wconf 86' lang='lat' dir='ltr'>decuriam</span> <span class='ocrx_word' id='word_1_224' title='bbox 958 1495 1147 1534; x_wconf 89' lang='lat' dir='ltr'>viatorum</span> <span class='ocrx_word' id='word_1_225' title='bbox 1170 1494 1324 1534; x_wconf 89' lang='lat' dir='ltr'>conici.&#39;</span> <span class='ocrx_word' id='word_1_226' title='bbox 1356 1500 1395 1534; x_wconf 91' lang='lat' dir='ltr'>et</span> <span class='ocrx_word' id='word_1_227' title='bbox 1414 1506 1554 1535; x_wconf 86' lang='lat' dir='ltr'>cocum</span> <span class='ocrx_word' id='word_1_228' title='bbox 1575 1494 1663 1546; x_wconf 91' lang='lat' dir='ltr'>qui-</span> 
     </span>
    </p>
   </div>
   <div class='ocr_carea' id='block_1_3' title="bbox 172 1549 1663 1604">
    <p class='ocr_par' dir='ltr' id='par_1_3' title="bbox 172 1549 1663 1604">
     <span class='ocr_line' id='line_1_25' title="bbox 172 1549 1663 1604; baseline 0 -14"><span class='ocrx_word' id='word_1_229' title='bbox 172 1549 225 1589; x_wconf 85' lang='grc'>48</span> <span class='ocrx_word' id='word_1_230' title='bbox 242 1553 326 1591; x_wconf 90' lang='lat' dir='ltr'>dem</span> <span class='ocrx_word' id='word_1_231' title='bbox 348 1552 544 1604; x_wconf 90' lang='lat' dir='ltr'>potentiae</span> <span class='ocrx_word' id='word_1_232' title='bbox 565 1552 806 1591; x_wconf 89' lang='lat' dir='ltr'>admonitum</span> <span class='ocrx_word' id='word_1_233' title='bbox 835 1551 876 1591; x_wconf 92' lang='lat' dir='ltr'>in</span> <span class='ocrx_word' id='word_1_234' title='bbox 907 1551 1076 1591; x_wconf 90' lang='lat' dir='ltr'>culinam</span> <span class='ocrx_word' id='word_1_235' title='bbox 1108 1551 1317 1591; x_wconf 90' lang='lat' dir='ltr'>obsonium</span> <span class='ocrx_word' id='word_1_236' title='bbox 1337 1551 1467 1599; x_wconf 84' lang='lat' dir='ltr'>duxit,</span> <span class='ocrx_word' id='word_1_237' title='bbox 1497 1550 1663 1591; x_wconf 90' lang='lat' dir='ltr'>Trimal-</span> 
     </span>
    </p>
   </div>
   <div class='ocr_carea' id='block_1_4' title="bbox 240 1607 1710 2450">
    <p class='ocr_par' dir='ltr' id='par_1_4' title="bbox 240 1607 1710 2450">
     <span class='ocr_line' id='line_1_26' title="bbox 241 1607 1708 1660; baseline 0.001 -13"><span class='ocrx_word' id='word_1_238' title='bbox 241 1608 326 1648; x_wconf 89' lang='lat' dir='ltr'>chio</span> <span class='ocrx_word' id='word_1_239' title='bbox 347 1614 476 1648; x_wconf 91' lang='lat' dir='ltr'>autem</span> <span class='ocrx_word' id='word_1_240' title='bbox 498 1609 582 1648; x_wconf 89' lang='lat' dir='ltr'>miti</span> <span class='ocrx_word' id='word_1_241' title='bbox 602 1608 649 1647; x_wconf 89' lang='lat' dir='ltr'>ad</span> <span class='ocrx_word' id='word_1_242' title='bbox 679 1621 751 1648; x_wconf 91' lang='lat' dir='ltr'>nos</span> <span class='ocrx_word' id='word_1_243' title='bbox 770 1608 878 1648; x_wconf 90' lang='lat' dir='ltr'>vultu</span> <span class='ocrx_word' id='word_1_244' title='bbox 909 1608 1079 1660; x_wconf 87' lang='lat' dir='ltr'>respexit</span> <span class='ocrx_word' id='word_1_245' title='bbox 1108 1613 1147 1647; x_wconf 90' lang='lat' dir='ltr'>et</span> <span class='ocrx_word' id='word_1_246' title='bbox 1175 1607 1333 1648; x_wconf 86' lang='lat' dir='ltr'>‘vinum&#39;</span> <span class='ocrx_word' id='word_1_247' title='bbox 1354 1608 1483 1659; x_wconf 88' lang='lat' dir='ltr'>inquit</span> <span class='ocrx_word' id='word_1_248' title='bbox 1503 1608 1554 1648; x_wconf 85' lang='lat' dir='ltr'>‘si</span> <span class='ocrx_word' id='word_1_249' title='bbox 1583 1620 1666 1648; x_wconf 87' lang='lat' dir='ltr'>non</span> <span class='ocrx_word' id='word_1_250' title='bbox 1694 1612 1708 1648; x_wconf 23' lang='lat'>:¹</span> 
     </span>
     <span class='ocr_line' id='line_1_27' title="bbox 240 1664 1665 1716; baseline 0.001 -13"><span class='ocrx_word' id='word_1_251' title='bbox 240 1665 378 1716; x_wconf 86' lang='lat' dir='ltr'>placet,</span> <span class='ocrx_word' id='word_1_252' title='bbox 400 1665 580 1715; x_wconf 89' lang='lat' dir='ltr'>mutabo;</span> <span class='ocrx_word' id='word_1_253' title='bbox 602 1678 669 1704; x_wconf 93' lang='lat' dir='ltr'>vos</span> <span class='ocrx_word' id='word_1_254' title='bbox 689 1665 781 1704; x_wconf 90' lang='lat' dir='ltr'>illud</span> <span class='ocrx_word' id='word_1_255' title='bbox 804 1670 960 1716; x_wconf 89' lang='lat' dir='ltr'>oportet</span> <span class='ocrx_word' id='word_1_256' title='bbox 979 1664 1129 1704; x_wconf 91' lang='lat' dir='ltr'>bonum</span> <span class='ocrx_word' id='word_1_257' title='bbox 1159 1664 1318 1704; x_wconf 89' lang='lat' dir='ltr'>faciatis.</span> <span class='ocrx_word' id='word_1_258' title='bbox 1359 1665 1522 1706; x_wconf 90' lang='lat' dir='ltr'>deorum</span> <span class='ocrx_word' id='word_1_259' title='bbox 1543 1664 1665 1705; x_wconf 90' lang='lat' dir='ltr'>bene-</span> 
     </span>
     <span class='ocr_line' id='line_1_28' title="bbox 241 1719 1666 1772; baseline 0.001 -12"><span class='ocrx_word' id='word_1_260' title='bbox 241 1722 329 1760; x_wconf 82' lang='lat' dir='ltr'>ficio</span> <span class='ocrx_word' id='word_1_261' title='bbox 361 1733 440 1760; x_wconf 88' lang='lat' dir='ltr'>non</span> <span class='ocrx_word' id='word_1_262' title='bbox 473 1734 581 1769; x_wconf 91' lang='lat' dir='ltr'>emo,</span> <span class='ocrx_word' id='word_1_263' title='bbox 613 1722 679 1761; x_wconf 90' lang='lat' dir='ltr'>sed</span> <span class='ocrx_word' id='word_1_264' title='bbox 710 1733 818 1760; x_wconf 87' lang='lat' dir='ltr'>nunc</span> <span class='ocrx_word' id='word_1_265' title='bbox 840 1720 1024 1772; x_wconf 84' lang='lat' dir='ltr'>quicquid</span> <span class='ocrx_word' id='word_1_266' title='bbox 1055 1721 1100 1760; x_wconf 91' lang='lat' dir='ltr'>ad</span> <span class='ocrx_word' id='word_1_267' title='bbox 1132 1721 1287 1760; x_wconf 88' lang='lat' dir='ltr'>salivam</span> <span class='ocrx_word' id='word_1_268' title='bbox 1319 1721 1432 1769; x_wconf 83' lang='lat' dir='ltr'>facit,</span> <span class='ocrx_word' id='word_1_269' title='bbox 1462 1721 1502 1760; x_wconf 90' lang='lat' dir='ltr'>in</span> <span class='ocrx_word' id='word_1_270' title='bbox 1524 1719 1666 1761; x_wconf 88' lang='lat' dir='ltr'>subur·</span> 
     </span>
     <span class='ocr_line' id='line_1_29' title="bbox 240 1777 1667 1828; baseline 0.001 -12"><span class='ocrx_word' id='word_1_271' title='bbox 240 1777 344 1816; x_wconf 91' lang='lat' dir='ltr'>bano</span> <span class='ocrx_word' id='word_1_272' title='bbox 377 1777 550 1816; x_wconf 88' lang='lat' dir='ltr'>nascitur</span> <span class='ocrx_word' id='word_1_273' title='bbox 578 1790 646 1825; x_wconf 92' lang='lat' dir='ltr'>eo,</span> <span class='ocrx_word' id='word_1_274' title='bbox 687 1777 792 1828; x_wconf 92' lang='lat' dir='ltr'>quod</span> <span class='ocrx_word' id='word_1_275' title='bbox 823 1789 895 1828; x_wconf 88' lang='lat' dir='ltr'>ego</span> <span class='ocrx_word' id='word_1_276' title='bbox 926 1777 1052 1816; x_wconf 89' lang='lat' dir='ltr'>adhuc</span> <span class='ocrx_word' id='word_1_277' title='bbox 1084 1790 1162 1816; x_wconf 92' lang='lat' dir='ltr'>non</span> <span class='ocrx_word' id='word_1_278' title='bbox 1195 1777 1297 1817; x_wconf 91' lang='lat' dir='ltr'>novi.</span> <span class='ocrx_word' id='word_1_279' title='bbox 1338 1777 1480 1817; x_wconf 86' lang='lat' dir='ltr'>dicitur</span> <span class='ocrx_word' id='word_1_280' title='bbox 1509 1777 1667 1817; x_wconf 86' lang='lat' dir='ltr'>confine</span> 
     </span>
     <span class='ocr_line' id='line_1_30' title="bbox 244 1833 1668 1885; baseline 0.001 -13"><span class='ocrx_word' id='word_1_281' title='bbox 244 1846 329 1873; x_wconf 90' lang='lat' dir='ltr'>esse</span> <span class='ocrx_word' id='word_1_282' title='bbox 358 1833 723 1873; x_wconf 88' lang='lat' dir='ltr'>Tarraciniensibus</span> <span class='ocrx_word' id='word_1_283' title='bbox 763 1839 802 1872; x_wconf 92' lang='lat' dir='ltr'>et</span> <span class='ocrx_word' id='word_1_284' title='bbox 831 1833 1067 1872; x_wconf 89' lang='lat' dir='ltr'>Tarentinis.</span> <span class='ocrx_word' id='word_1_285' title='bbox 1123 1845 1231 1873; x_wconf 90' lang='lat' dir='ltr'>nunc</span> <span class='ocrx_word' id='word_1_286' title='bbox 1264 1834 1506 1885; x_wconf 89' lang='lat' dir='ltr'>coniungere</span> <span class='ocrx_word' id='word_1_287' title='bbox 1535 1833 1668 1885; x_wconf 82' lang='lat' dir='ltr'>agellis</span> 
     </span>
     <span class='ocr_line' id='line_1_31' title="bbox 245 1889 1704 1942; baseline -0.001 -13"><span class='ocrx_word' id='word_1_288' title='bbox 245 1889 411 1929; x_wconf 89' lang='lat' dir='ltr'>Siciliam</span> <span class='ocrx_word' id='word_1_289' title='bbox 442 1889 553 1937; x_wconf 90' lang='lat' dir='ltr'>volo,</span> <span class='ocrx_word' id='word_1_290' title='bbox 584 1896 628 1929; x_wconf 94' lang='lat' dir='ltr'>ut</span> <span class='ocrx_word' id='word_1_291' title='bbox 657 1901 746 1929; x_wconf 89' lang='lat' dir='ltr'>cum</span> <span class='ocrx_word' id='word_1_292' title='bbox 768 1889 936 1928; x_wconf 80' lang='lat' dir='ltr'>Africam</span> <span class='ocrx_word' id='word_1_293' title='bbox 966 1889 1123 1928; x_wconf 90' lang='lat' dir='ltr'>libuerit</span> <span class='ocrx_word' id='word_1_294' title='bbox 1143 1889 1219 1938; x_wconf 84' lang='lat' dir='ltr'>ire,</span> <span class='ocrx_word' id='word_1_295' title='bbox 1251 1901 1322 1942; x_wconf 92' lang='lat' dir='ltr'>per</span> <span class='ocrx_word' id='word_1_296' title='bbox 1350 1901 1459 1930; x_wconf 90' lang='lat' dir='ltr'>meos</span> <span class='ocrx_word' id='word_1_297' title='bbox 1478 1890 1578 1930; x_wconf 87' lang='lat' dir='ltr'>fines</span> <span class='ocrx_word' id='word_1_298' title='bbox 1599 1901 1671 1930; x_wconf 84' lang='lat' dir='ltr'>na·</span> <span class='ocrx_word' id='word_1_299' title='bbox 1696 1892 1704 1928; x_wconf 83' lang='grc' dir='ltr'>Ι</span> 
     </span>
     <span class='ocr_line' id='line_1_32' title="bbox 242 1945 1669 1997; baseline 0.002 -14"><span class='ocrx_word' id='word_1_300' title='bbox 242 1946 382 1997; x_wconf 88' lang='lat' dir='ltr'>vigem.</span> <span class='ocrx_word' id='word_1_301' title='bbox 423 1946 490 1985; x_wconf 87' lang='lat' dir='ltr'>sed</span> <span class='ocrx_word' id='word_1_302' title='bbox 523 1958 636 1985; x_wconf 88' lang='lat' dir='ltr'>narra</span> <span class='ocrx_word' id='word_1_303' title='bbox 666 1951 708 1985; x_wconf 91' lang='lat' dir='ltr'>tu</span> <span class='ocrx_word' id='word_1_304' title='bbox 740 1945 859 1993; x_wconf 91' lang='lat' dir='ltr'>mihi,</span> <span class='ocrx_word' id='word_1_305' title='bbox 890 1946 1183 1996; x_wconf 90' lang='lat' dir='ltr'>Agamemnon,</span> <span class='ocrx_word' id='word_1_306' title='bbox 1215 1954 1331 1997; x_wconf 82' lang='lat' dir='ltr'>quam</span> <span class='ocrx_word' id='word_1_307' title='bbox 1362 1946 1669 1986; x_wconf 82' lang='lat' dir='ltr'>controversiam</span> 
     </span>
     <span class='ocr_line' id='line_1_33' title="bbox 243 2001 1671 2054; baseline 0.001 -13"><span class='ocrx_word' id='word_1_308' title='bbox 243 2002 359 2041; x_wconf 89' lang='lat' dir='ltr'>hodie</span> <span class='ocrx_word' id='word_1_309' title='bbox 379 2001 632 2042; x_wconf 81' lang='lat' dir='ltr'>declamasti?</span> <span class='ocrx_word' id='word_1_310' title='bbox 663 2014 734 2053; x_wconf 88' lang='lat' dir='ltr'>ego</span> <span class='ocrx_word' id='word_1_311' title='bbox 757 2001 870 2041; x_wconf 87' lang='lat' dir='ltr'>etiam</span> <span class='ocrx_word' id='word_1_312' title='bbox 891 2001 923 2041; x_wconf 91' lang='lat' dir='ltr'>si</span> <span class='ocrx_word' id='word_1_313' title='bbox 946 2014 1080 2042; x_wconf 90' lang='lat' dir='ltr'>causas</span> <span class='ocrx_word' id='word_1_314' title='bbox 1102 2015 1182 2041; x_wconf 92' lang='lat' dir='ltr'>non</span> <span class='ocrx_word' id='word_1_315' title='bbox 1205 2015 1299 2054; x_wconf 89' lang='lat' dir='ltr'>ago,</span> <span class='ocrx_word' id='word_1_316' title='bbox 1330 2002 1370 2042; x_wconf 90' lang='lat' dir='ltr'>in</span> <span class='ocrx_word' id='word_1_317' title='bbox 1397 2002 1671 2043; x_wconf 89' lang='lat' dir='ltr'>domusionem</span> 
     </span>
     <span class='ocr_line' id='line_1_34' title="bbox 245 2058 1669 2123; baseline 0.001 -26"><span class='ocrx_word' id='word_1_318' title='bbox 245 2059 374 2098; x_wconf 75' lang='lat' dir='ltr'>tamen</span> <span class='ocrx_word' id='word_1_319' title='bbox 398 2058 527 2098; x_wconf 88' lang='lat' dir='ltr'>literas</span> <span class='ocrx_word' id='word_1_320' title='bbox 548 2058 676 2098; x_wconf 90' lang='lat' dir='ltr'>didici.</span> <span class='ocrx_word' id='word_1_321' title='bbox 718 2064 756 2098; x_wconf 86' lang='lat' dir='ltr'>et</span> <span class='ocrx_word' id='word_1_322' title='bbox 777 2071 827 2097; x_wconf 90' lang='lat' dir='ltr'>ne</span> <span class='ocrx_word' id='word_1_323' title='bbox 850 2070 911 2098; x_wconf 90' lang='lat' dir='ltr'>me</span> <span class='ocrx_word' id='word_1_324' title='bbox 931 2064 1046 2110; x_wconf 83' lang='lat' dir='ltr'>putes</span> <span class='ocrx_word' id='word_1_325' title='bbox 1067 2059 1191 2098; x_wconf 87' lang='lat' dir='ltr'>studia</span> <span class='ocrx_word' id='word_1_326' title='bbox 1212 2058 1439 2106; x_wconf 83' lang='lat' dir='ltr'>fastiditum,</span> <span class='ocrx_word' id='word_1_327' title='bbox 1460 2059 1496 2099; x_wconf 91' lang='grc' dir='ltr'>ΙΙ</span> <span class='ocrx_word' id='word_1_328' title='bbox 1517 2058 1669 2123; x_wconf 46' lang='lat' dir='ltr'>byblioff</span> 
     </span>
     <span class='ocr_line' id='line_1_35' title="bbox 246 2114 1672 2168; baseline 0.001 -14"><span class='ocrx_word' id='word_1_329' title='bbox 246 2115 375 2154; x_wconf 86' lang='lat' dir='ltr'>thecas</span> <span class='ocrx_word' id='word_1_330' title='bbox 404 2115 551 2163; x_wconf 89' lang='lat' dir='ltr'>habeo,</span> <span class='ocrx_word' id='word_1_331' title='bbox 590 2127 709 2155; x_wconf 92' lang='lat' dir='ltr'>unam</span> <span class='ocrx_word' id='word_1_332' title='bbox 741 2114 951 2163; x_wconf 85' lang='lat' dir='ltr'>Graecam,</span> <span class='ocrx_word' id='word_1_333' title='bbox 993 2115 1152 2154; x_wconf 88' lang='lat' dir='ltr'>alteram</span> <span class='ocrx_word' id='word_1_334' title='bbox 1181 2115 1371 2155; x_wconf 89' lang='lat' dir='ltr'>Latinam.</span> <span class='ocrx_word' id='word_1_335' title='bbox 1411 2116 1473 2156; x_wconf 91' lang='lat' dir='ltr'>dic</span> <span class='ocrx_word' id='word_1_336' title='bbox 1494 2127 1608 2168; x_wconf 87' lang='lat' dir='ltr'>ergo,</span> <span class='ocrx_word' id='word_1_337' title='bbox 1638 2115 1672 2156; x_wconf 87' lang='lat' dir='ltr'>si</span> 
     </span>
     <span class='ocr_line' id='line_1_36' title="bbox 246 2146 1704 2225; baseline 0.001 -15"><span class='ocrx_word' id='word_1_338' title='bbox 246 2184 308 2210; x_wconf 91' lang='lat' dir='ltr'>me</span> <span class='ocrx_word' id='word_1_339' title='bbox 329 2183 443 2219; x_wconf 84' lang='lat' dir='ltr'>amas,</span> <span class='ocrx_word' id='word_1_340' title='bbox 465 2146 682 2223; x_wconf 91' lang='lat' dir='ltr'>peristasim</span> <span class='ocrx_word' id='word_1_341' title='bbox 703 2171 996 2211; x_wconf 84' lang='lat' dir='ltr'>declamationis</span> <span class='ocrx_word' id='word_1_342' title='bbox 1011 2171 1126 2210; x_wconf 90' lang='lat' dir='ltr'>tuae&#39;.</span> <span class='ocrx_word' id='word_1_343' title='bbox 1167 2184 1255 2212; x_wconf 90' lang='lat' dir='ltr'>cum</span> <span class='ocrx_word' id='word_1_344' title='bbox 1289 2171 1447 2212; x_wconf 85' lang='lat' dir='ltr'>dixisset</span> <span class='ocrx_word' id='word_1_345' title='bbox 1465 2172 1687 2225; x_wconf 79' lang='lat' dir='ltr'>Agamem·</span> <span class='ocrx_word' id='word_1_346' title='bbox 1697 2177 1704 2208; x_wconf 78' lang='lat' dir='ltr'>t</span> 
     </span>
     <span class='ocr_line' id='line_1_37' title="bbox 247 2227 1710 2280; baseline 0.001 -13"><span class='ocrx_word' id='word_1_347' title='bbox 247 2241 349 2267; x_wconf 93' lang='lat' dir='ltr'>non:</span> <span class='ocrx_word' id='word_1_348' title='bbox 391 2231 554 2280; x_wconf 86' lang='lat' dir='ltr'>‘pauper</span> <span class='ocrx_word' id='word_1_349' title='bbox 583 2234 621 2268; x_wconf 88' lang='lat' dir='ltr'>et</span> <span class='ocrx_word' id='word_1_350' title='bbox 650 2228 755 2267; x_wconf 86' lang='lat' dir='ltr'>dives</span> <span class='ocrx_word' id='word_1_351' title='bbox 786 2227 933 2267; x_wconf 84' lang='lat' dir='ltr'>inimici</span> <span class='ocrx_word' id='word_1_352' title='bbox 964 2227 1100 2276; x_wconf 89' lang='lat' dir='ltr'>erant&#39;,</span> <span class='ocrx_word' id='word_1_353' title='bbox 1129 2228 1181 2268; x_wconf 88' lang='lat' dir='ltr'>ait</span> <span class='ocrx_word' id='word_1_354' title='bbox 1212 2228 1446 2268; x_wconf 88' lang='lat' dir='ltr'>Trimalchio</span> <span class='ocrx_word' id='word_1_355' title='bbox 1477 2227 1583 2280; x_wconf 87' lang='lat' dir='ltr'>‘quid</span> <span class='ocrx_word' id='word_1_356' title='bbox 1611 2232 1672 2269; x_wconf 86' lang='lat' dir='ltr'>est</span> <span class='ocrx_word' id='word_1_357' title='bbox 1707 2229 1710 2237; x_wconf 98' lang='grc'>’</span> 
     </span>
     <span class='ocr_line' id='line_1_38' title="bbox 247 2283 1671 2347; baseline 0.003 -26"><span class='ocrx_word' id='word_1_358' title='bbox 247 2283 442 2347; x_wconf 78' lang='lat' dir='ltr'>pauper?’</span> <span class='ocrx_word' id='word_1_359' title='bbox 473 2284 648 2324; x_wconf 84' lang='lat' dir='ltr'>‘urbane’</span> <span class='ocrx_word' id='word_1_360' title='bbox 680 2284 808 2336; x_wconf 91' lang='lat' dir='ltr'>inquit</span> <span class='ocrx_word' id='word_1_361' title='bbox 837 2284 1105 2334; x_wconf 81' lang='lat' dir='ltr'>Agamemnon</span> <span class='ocrx_word' id='word_1_362' title='bbox 1137 2290 1176 2324; x_wconf 88' lang='lat' dir='ltr'>et</span> <span class='ocrx_word' id='word_1_363' title='bbox 1206 2285 1339 2325; x_wconf 88' lang='lat' dir='ltr'>nescio</span> <span class='ocrx_word' id='word_1_364' title='bbox 1371 2297 1486 2336; x_wconf 91' lang='lat' dir='ltr'>quam</span> <span class='ocrx_word' id='word_1_365' title='bbox 1507 2289 1671 2327; x_wconf 85' lang='lat' dir='ltr'>contro-</span> 
     </span>
     <span class='ocr_line' id='line_1_39' title="bbox 246 2340 1670 2394; baseline 0.001 -15"><span class='ocrx_word' id='word_1_366' title='bbox 246 2341 409 2380; x_wconf 82' lang='lat' dir='ltr'>versiam</span> <span class='ocrx_word' id='word_1_367' title='bbox 441 2341 632 2392; x_wconf 86' lang='lat' dir='ltr'>exposuit.</span> <span class='ocrx_word' id='word_1_368' title='bbox 672 2341 801 2381; x_wconf 90' lang='lat' dir='ltr'>statim</span> <span class='ocrx_word' id='word_1_369' title='bbox 822 2340 1057 2379; x_wconf 88' lang='lat' dir='ltr'>Trimalchio</span> <span class='ocrx_word' id='word_1_370' title='bbox 1079 2341 1178 2381; x_wconf 92' lang='lat' dir='ltr'>‘hoc’</span> <span class='ocrx_word' id='word_1_371' title='bbox 1199 2341 1329 2394; x_wconf 90' lang='lat' dir='ltr'>inquit</span> <span class='ocrx_word' id='word_1_372' title='bbox 1348 2341 1394 2381; x_wconf 89' lang='lat' dir='ltr'>‘si</span> <span class='ocrx_word' id='word_1_373' title='bbox 1422 2341 1570 2382; x_wconf 85' lang='lat' dir='ltr'>sactum</span> <span class='ocrx_word' id='word_1_374' title='bbox 1599 2346 1670 2389; x_wconf 85' lang='lat' dir='ltr'>est,</span> 
     </span>
     <span class='ocr_line' id='line_1_40' title="bbox 248 2396 1674 2450; baseline 0.004 -14"><span class='ocrx_word' id='word_1_375' title='bbox 248 2397 512 2437; x_wconf 90' lang='lat' dir='ltr'>controversia</span> <span class='ocrx_word' id='word_1_376' title='bbox 534 2410 615 2437; x_wconf 92' lang='lat' dir='ltr'>non</span> <span class='ocrx_word' id='word_1_377' title='bbox 638 2404 717 2447; x_wconf 84' lang='lat' dir='ltr'>est3</span> <span class='ocrx_word' id='word_1_378' title='bbox 738 2398 770 2437; x_wconf 92' lang='lat' dir='ltr'>si</span> <span class='ocrx_word' id='word_1_379' title='bbox 791 2397 935 2436; x_wconf 86' lang='lat' dir='ltr'>factum</span> <span class='ocrx_word' id='word_1_380' title='bbox 959 2409 1040 2436; x_wconf 93' lang='lat' dir='ltr'>non</span> <span class='ocrx_word' id='word_1_381' title='bbox 1063 2403 1133 2446; x_wconf 89' lang='lat' dir='ltr'>est,</span> <span class='ocrx_word' id='word_1_382' title='bbox 1157 2398 1253 2438; x_wconf 92' lang='lat' dir='ltr'>nihil</span> <span class='ocrx_word' id='word_1_383' title='bbox 1273 2397 1355 2439; x_wconf 82' lang='lat' dir='ltr'>est&#39;.</span> <span class='ocrx_word' id='word_1_384' title='bbox 1395 2397 1492 2439; x_wconf 85' lang='lat' dir='ltr'>haec</span> <span class='ocrx_word' id='word_1_385' title='bbox 1519 2396 1674 2450; x_wconf 75' lang='lat' dir='ltr'>aliaque.</span> 
     </span>
    </p>
   </div>
   <div class='ocr_carea' id='block_1_5' title="bbox 249 2453 1704 2680">
    <p class='ocr_par' dir='ltr' id='par_1_5' title="bbox 249 2453 1704 2512">
     <span class='ocr_line' id='line_1_41' title="bbox 249 2453 1704 2512; baseline 0.001 -20"><span class='ocrx_word' id='word_1_386' title='bbox 249 2465 340 2492; x_wconf 90' lang='lat' dir='ltr'>cum</span> <span class='ocrx_word' id='word_1_387' title='bbox 357 2454 598 2494; x_wconf 83' lang='lat' dir='ltr'>effusissimis</span> <span class='ocrx_word' id='word_1_388' title='bbox 613 2465 945 2506; x_wconf 91' lang='lat' dir='ltr'>prosequeremur</span> <span class='ocrx_word' id='word_1_389' title='bbox 960 2453 1258 2504; x_wconf 82' lang='lat' dir='ltr'>laudationibus,</span> <span class='ocrx_word' id='word_1_390' title='bbox 1280 2454 1402 2506; x_wconf 85' lang='lat' dir='ltr'>‘rogo‘</span> <span class='ocrx_word' id='word_1_391' title='bbox 1418 2454 1548 2506; x_wconf 83' lang='lat' dir='ltr'>inquit</span> <span class='ocrx_word' id='word_1_392' title='bbox 1561 2454 1704 2512; x_wconf 47' lang='lat' dir='ltr'>‘Aga-³33</span> 
     </span>
    </p>

    <p class='ocr_par' dir='ltr' id='par_1_6' title="bbox 250 2513 1701 2680">
     <span class='ocr_line' id='line_1_42' title="bbox 364 2513 1701 2620; baseline 0.001 -44"><span class='ocrx_word' id='word_1_393' title='bbox 364 2544 379 2576; x_wconf 92' lang='lat'>1</span> <span class='ocrx_word' id='word_1_394' title='bbox 406 2544 541 2575; x_wconf 77' lang='lat' dir='ltr'>conieci</span> <span class='ocrx_word' id='word_1_395' title='bbox 574 2545 703 2576; x_wconf 86' lang='lat' dir='ltr'>mutare</span> <span class='ocrx_word' id='word_1_396' title='bbox 729 2541 741 2587; x_wconf 81' lang='grc' dir='ltr'>ΙΙ</span> <span class='ocrx_word' id='word_1_397' title='bbox 766 2543 784 2576; x_wconf 84' lang='grc'><strong>2</strong></span> <span class='ocrx_word' id='word_1_398' title='bbox 809 2542 900 2576; x_wconf 86' lang='lat' dir='ltr'>vetui</span> <span class='ocrx_word' id='word_1_399' title='bbox 925 2542 937 2586; x_wconf 92' lang='grc' dir='ltr'>ΙΙ</span> <span class='ocrx_word' id='word_1_400' title='bbox 963 2544 982 2576; x_wconf 88' lang='grc'>9</span> <span class='ocrx_word' id='word_1_401' title='bbox 1008 2553 1074 2587; x_wconf 86' lang='lat' dir='ltr'>quo</span> <span class='ocrx_word' id='word_1_402' title='bbox 1100 2542 1113 2587; x_wconf 81' lang='grc' dir='ltr'>ΙΙ</span> <span class='ocrx_word' id='word_1_403' title='bbox 1141 2545 1182 2577; x_wconf 89' lang='grc'>10</span> <span class='ocrx_word' id='word_1_404' title='bbox 1206 2542 1454 2576; x_wconf 82' lang='lat' dir='ltr'>commundatis</span> <span class='ocrx_word' id='word_1_405' title='bbox 1476 2542 1641 2575; x_wconf 71' lang='lat' dir='ltr'>Heinsius</span> <span class='ocrx_word' id='word_1_406' title='bbox 1651 2513 1701 2620; x_wconf 49' lang='lat' dir='ltr'>si.</span> 
     </span>
     <span class='ocr_line' id='line_1_43' title="bbox 252 2587 1701 2632; baseline 0 -12"><span class='ocrx_word' id='word_1_407' title='bbox 252 2587 293 2620; x_wconf 89' lang='lat'>13</span> <span class='ocrx_word' id='word_1_408' title='bbox 319 2596 432 2620; x_wconf 88' lang='lat' dir='ltr'>senem</span> <span class='ocrx_word' id='word_1_409' title='bbox 452 2588 464 2631; x_wconf 80' lang='grc' dir='ltr'>ΙΙ</span> <span class='ocrx_word' id='word_1_410' title='bbox 482 2589 523 2622; x_wconf 87' lang='grc'>19</span> <span class='ocrx_word' id='word_1_411' title='bbox 548 2588 594 2621; x_wconf 89' lang='lat' dir='ltr'>ait</span> <span class='ocrx_word' id='word_1_412' title='bbox 626 2591 689 2621; x_wconf 78' lang='lat' dir='ltr'>aut</span> <span class='ocrx_word' id='word_1_413' title='bbox 719 2588 829 2632; x_wconf 87' lang='lat' dir='ltr'>inquit</span> <span class='ocrx_word' id='word_1_414' title='bbox 848 2591 932 2631; x_wconf 74' lang='lat' dir='ltr'>post</span> <span class='ocrx_word' id='word_1_415' title='bbox 955 2592 1057 2632; x_wconf 88' lang='lat' dir='ltr'>quota</span> <span class='ocrx_word' id='word_1_416' title='bbox 1091 2588 1316 2622; x_wconf 80' lang='lat' dir='ltr'>adiciendum</span> <span class='ocrx_word' id='word_1_417' title='bbox 1333 2587 1346 2631; x_wconf 88' lang='grc' dir='ltr'>ΙΙ</span> <span class='ocrx_word' id='word_1_418' title='bbox 1363 2589 1405 2623; x_wconf 84' lang='grc'>21</span> <span class='ocrx_word' id='word_1_419' title='bbox 1431 2590 1530 2622; x_wconf 79' lang='lat' dir='ltr'>natus</span> <span class='ocrx_word' id='word_1_420' title='bbox 1555 2596 1592 2621; x_wconf 82' lang='lat' dir='ltr'>es</span> <span class='ocrx_word' id='word_1_421' title='bbox 1613 2596 1651 2621; x_wconf 65' lang='grc' dir='ltr'>ιο</span> <span class='ocrx_word' id='word_1_422' title='bbox 1686 2588 1701 2626; x_wconf 73' lang='grc' dir='ltr'>ζ·’</span> 
     </span>
     <span class='ocr_line' id='line_1_44' title="bbox 250 2632 1694 2680; baseline 0.002 -16"><span class='ocrx_word' id='word_1_423' title='bbox 250 2641 287 2664; x_wconf 87' lang='lat' dir='ltr'>es</span> <span class='ocrx_word' id='word_1_424' title='bbox 312 2632 461 2665; x_wconf 83' lang='lat' dir='ltr'>deletum</span> <span class='ocrx_word' id='word_1_425' title='bbox 477 2632 489 2677; x_wconf 74' lang='grc' dir='ltr'>ΙΙ</span> <span class='ocrx_word' id='word_1_426' title='bbox 509 2634 550 2666; x_wconf 86' lang='grc'>23</span> <span class='ocrx_word' id='word_1_427' title='bbox 576 2633 710 2676; x_wconf 89' lang='lat' dir='ltr'>quidem</span> <span class='ocrx_word' id='word_1_428' title='bbox 729 2643 846 2667; x_wconf 83' lang='lat' dir='ltr'>cocum</span> <span class='ocrx_word' id='word_1_429' title='bbox 865 2633 1016 2677; x_wconf 84' lang='lat' dir='ltr'>potentia</span> <span class='ocrx_word' id='word_1_430' title='bbox 1034 2633 1046 2677; x_wconf 85' lang='grc'>11</span> <span class='ocrx_word' id='word_1_431' title='bbox 1064 2635 1106 2668; x_wconf 84' lang='grc'>32</span> <span class='ocrx_word' id='word_1_432' title='bbox 1124 2637 1235 2667; x_wconf 83' lang='lat' dir='ltr'>autem</span> <span class='ocrx_word' id='word_1_433' title='bbox 1253 2634 1281 2667; x_wconf 88' lang='lat' dir='ltr'>si</span> <span class='ocrx_word' id='word_1_434' title='bbox 1303 2635 1308 2677; x_wconf 88' lang='grc' dir='ltr'>Ι</span> <span class='ocrx_word' id='word_1_435' title='bbox 1329 2633 1496 2667; x_wconf 86' lang='lat' dir='ltr'>divisione</span> <span class='ocrx_word' id='word_1_436' title='bbox 1514 2632 1528 2676; x_wconf 67' lang='grc' dir='ltr'>ΙΙ</span> <span class='ocrx_word' id='word_1_437' title='bbox 1543 2632 1586 2667; x_wconf 83' lang='grc'>33</span> <span class='ocrx_word' id='word_1_438' title='bbox 1603 2634 1694 2680; x_wconf 31' lang='lat' dir='ltr'>trena:</span> 
     </span>
    </p>
   </div>
  </div>
 </body>
</html>
