1682 2898
1471 112 1511 195 &ij

76 1010 78 1014 ‚
224 967 581 1010 Tacitusannalium
593 968 688 1010 XVI
694 969 716 1010 1
723 967 769 1011 7.-
789 982 891 1010 anno
912 969 1123 1011 Christiano
1138 967 1195 1011 66·
1210 971 1345 1011 eodem
1367 971 1520 1023 agmine

60 1035 68 1043 ”
108 1027 291 1067 Annaeus
311 1026 420 1074 Mela,
439 1026 596 1066 Cerialis
610 1026 783 1074 Anicius,
800 1026 936 1067 Rufius
952 1026 1154 1079 Crispinus
1174 1039 1218 1067 ac
1234 1027 1439 1067 Petronius
1454 1039 1519 1068 ce-

70 1083 78 1090 ’
108 1082 249 1122 cidere.
293 1089 375 1123 tum
394 1085 437 1122 in
456 1085 575 1136 capue
596 1080 670 1122 18:
693 1082 740 1122 de
762 1083 801 1122 C.
826 1082 1007 1122 Petronio
1028 1095 1150 1135 pauca
1169 1096 1288 1135 supra
1308 1084 1518 1148 repetenda

74 1168 76 1171 ψ
106 1144 210 1179 sunt.
231 1151 320 1178 nam
342 1139 394 1179 illi
415 1139 496 1179 dies
511 1151 582 1191 per
597 1151 792 1187 somnum,
810 1151 888 1178 nox
904 1139 1041 1180 officiis
1057 1145 1096 1179 et
1111 1139 1406 1180 oblectamentis
1420 1140 1519 1180 vitae

78 1235 84 1242 ,
103 1194 424 1248 transigebam&
425 1190 562 1246 utque
590 1195 686 1236 alios
705 1196 915 1244 industria,
945 1195 996 1235 ita
1016 1196 1153 1236 hunc
1143 1197 1290 1248 ignavia
1310 1196 1357 1237 ad
1378 1197 1518 1236 famam

77 1275 86 1287 ,ι
104 1251 338 1305 protulerat,
368 1251 658 1303 habebaturque
688 1264 766 1292 non
797 1264 922 1305 ganeo
952 1258 991 1292 et
1018 1252 1244 1304 profligator
1272 1259 1316 1293 ut
1342 1253 1518 1305 plerique

78 1319 172 1358 sua
190 1308 463 1356 haurientium,
483 1308 549 1348 sed
571 1308 722 1348 erudito
743 1308 849 1348 luxu.
889 1320 934 1348 ac
954 1308 1053 1348 dicta
1075 1309 1250 1361 factaque
1271 1310 1354 1349 eius
1370 1315 1517 1361 quanto

104 1364 288 1405 solutiora
309 1371 348 1404 et
367 1364 562 1416 quandam
578 1364 638 1404 sui
655 1364 937 1416 neglegentiam
954 1366 1224 1417 praeferentia,
1246 1371 1354 1406 tanto
1370 1366 1517 1417 gratius

101 1419 144 1461 in
173 1420 343 1472 speciem
373 1420 627 1473 simplicitatis
657 1421 958 1472 accipiebantur.
999 1422 1214 1473 proconsul
1232 1427 1361 1462 tamen
1384 1422 1516 1475 Bithy-

87 1475 190 1517 ‘niae
211 1483 250 1516 et
269 1489 358 1516 mox
380 1477 518 1516 consul
533 1477 728 1529 vigentem
749 1490 790 1517 se
810 1490 853 1517 ac
874 1490 1007 1530 parem
1029 1478 1196 1530 negotiis
1215 1479 1394 1518 ostendit.
1425 1478 1513 1518 dein

84 1532 299 1573 'revolutus
318 1534 363 1572 ad
385 1533 473 1572 vitia
502 1546 572 1574 seu
600 1534 783 1573 vitiorum
814 1533 1027 1573 imitatione
1058 1534 1160 1574 inter
1178 1546 1324 1586 paucos
1354 1534 1515 1574 familia-

78 1589 201 1638 „rium
220 1589 367 1629 Neroni
388 1590 615 1642 adsumptus
634 1595 704 1637 est,
735 1590 948 1642 elegantiae
978 1589 1135 1638 arbiter,
1156 1590 1246 1630 dum
1267 1590 1364 1630 nihil
1384 1602 1514 1631 amoe-

81 1657 194 1699 ,num
215 1651 253 1685 et
271 1646 387 1685 molle
408 1646 606 1685 affluentia
626 1652 755 1698 putat,
787 1646 860 1686 nisi
892 1645 996 1698 quod
1027 1646 1061 1686 ei
1092 1646 1295 1687 Petronius
1323 1646 1515 1699 approba-

86 1701 227 1742 ,νίεεει
267 1702 371 1742 unde
392 1702 533 1742 invidia
550 1702 729 1753 Tigellini
751 1702 859 1754 quasi
880 1703 1062 1743 adversus
1082 1702 1275 1742 aemulum
1296 1708 1334 1743 et
1353 1703 1515 1743 scientia

86 1757 333 1810 'voluptatum
359 1758 563 1810 potiorem.
604 1770 697 1810 ergo
727 1758 992 1798 crudelitatem
1023 1758 1231 1811 principis,
1270 1759 1332 1799 cui
1363 1765 1514 1800 ceterae

82 1813 277 1855 ffl'bidines
296 1814 499 1862 cedebant,
521 1815 744 1867 aggreditur
759 1815 964 1854 amicitiam
982 1814 1157 1854 Scaevini
1173 1815 1359 1855 Petronio
1381 1815 1512 1856 obiec-

110 1887 124 1899 ν
138 1882 183 1911 ns
202 1877 389 1923 corrupto
409 1871 456 1911 ad
471 1871 656 1911 indicium
672 1883 784 1911 servo
800 1871 1056 1923 ademptaque
1070 1871 1298 1912 defensione
1313 1877 1351 1911 et
1365 1872 1513 1913 maiore

84 1932 207 1990 parte
226 1927 419 1967 familiae
409 1940 448 1967 in
470 1927 594 1967 vincla
615 1935 737 1980 rapta.
778 1929 878 1967 forte
907 1927 981 1967 illis
1009 1927 1146 1968 diebus
1167 1927 1413 1980 Campaniam
1442 1941 1512 1981 pe-

75 1981 230 2023 tiverat
250 1983 402 2031 Caesar,
433 1989 472 2023 et
491 1983 631 2024 Cumas
651 1996 775 2036 usque
796 1996 1028 2036 progressus
1048 1984 1255 2025 Petronius
1276 1984 1352 2024 illic
1371 1985 1511 2025 attine-

13 2040 16 2047 ⁴
98 2034 221 2079 batur.
282 2052 353 2079 nec
383 2039 470 2079 tulit
498 2040 598 2080 ultra
627 2040 777 2080 timoris
807 2048 873 2080 aut
901 2040 984 2092 spei
1013 2052 1154 2080 moras.
1214 2053 1343 2093 neque
1380 2046 1509 2081 tamen

110 2106 280 2149 raeceps
309 2096 423 2136 vitam
453 2097 600 2148 expulit
629 2097 727 2136 sed
718 2097 858 2137 incisas
887 2109 1017 2144 venas,
1047 2102 1091 2136 ut
1118 2096 1291 2143 libitum,
1323 2096 1511 2150 obligatas

92 2192 94 2194 ,
118 2168 135 2185 ··
154 2151 243 2192 ·rire
263 2164 418 2192 rursum
438 2159 477 2192 et
496 2153 640 2204 alloqui
660 2153 824 2200 amicos,
857 2165 936 2193 non
967 2165 1039 2205 per
1058 2153 1157 2193 seiia
1177 2159 1243 2193 aut
1263 2153 1405 2205 quibus
1425 2153 1509 2205 glo-

83 2216 189 2262 ,mm
209 2209 448 2248 constantiae
470 2215 632 2261 peteret.
663 2209 920 2261 audiebatque
935 2210 1151 2249 referentes
1172 2210 1267 2249 nihil
1282 2210 1329 2249 de
1349 2210 1509 2250 immor-

80 2261 238 2319 ¹talitate
257 2265 374 2304 animi
395 2271 434 2304 et
452 2265 686 2317 sapientium
707 2265 876 2318 placitis,
906 2266 973 2306 sed
1003 2265 1097 2305 levia
1126 2266 1297 2306 carmina
1318 2272 1358 2306 et
1377 2266 1509 2306 faciles

9 2318 21 2329 ²
82 2329 236 2360 ersus
285 2333 484 2361 servorum
515 2321 611 2361 alios
639 2321 865 2374 largitione,
897 2321 1083 2374 quosdam
1112 2321 1339 2363 verberibus
1368 2323 1506 2362 affecit.

31 2376 33 2378 ’
122 2374 182 2416 iit
199 2376 343 2429 epulas,
364 2390 504 2418 somno
525 2377 707 2426 indulsit,
741 2384 784 2418 ut
803 2390 1026 2430 quanquam
1048 2383 1179 2418 coacta
1199 2390 1305 2419 mors
1324 2379 1507 2420 fortuitae

72 2442 90 2486 ,j
116 2430 176 2466 '‘1·
194 2432 225 2473 's
253 2439 366 2474 esset.
407 2446 457 2473 ne
486 2433 673 2474 codicillis
703 2434 872 2486 quidem,
904 2435 1007 2486 quod
1036 2434 1213 2486 plerique
1242 2435 1505 2487 pereuntium,

74 2492 285 2538 peronem
304 2495 370 2529 aut
385 2489 619 2541 Tigellinum
639 2496 706 2530 aut
726 2503 842 2543 quem
863 2491 979 2531 alium
1001 2491 1219 2543 potentium
1239 2491 1414 2532 adulatus
1434 2498 1505 2539 est,

79 2542 147 2580 132·
177 2543 315 2596 flagitia
344 2546 532 2599 principis
561 2546 635 2587 sub
668 2547 894 2587 nominibus
924 2547 1165 2587 exoletorum
1198 2547 1504 2599 feminarumque

6 2598 27 2651 gs
158 2601 365 2642 novitatem
395 2602 584 2655 cuiusque
615 2603 739 2656 stupri
770 2603 997 2656 perscripsit
1026 2610 1140 2655 atque
1171 2603 1372 2657 obsignata
1401 2604 1504 2644 misit

83 2668 86 2670 ,
1187 2672 1201 2704 1
1213 2670 1250 2693 *Ἰ
