1728 2886
668 131 918 167 MENIPPEAE
1429 124 1511 173 '209

741 246 794 286 111

360 324 474 363 quam
497 310 655 366 ly‘mpha
675 248 1016 356 melius({)lacuna
1036 317 1203 357 fontium
1547 325 1605 358 442

361 369 483 408 adlata
509 370 599 409 nido
622 371 731 422 potili
755 372 987 423 permisceat

731 449 803 489 1111
823 450 882 501 (7)

359 526 456 566 cape
477 515 579 555 hAnc
601 517 784 556 caducam
806 517 937 557 Liberi
959 518 1116 558 mollem
1137 519 1275 571 dapem
1544 527 1601 560 443

360 570 407 610 de
425 571 566 611 fronde
588 573 743 613 Bromia
765 574 1035 614 autumnitatis
1057 574 1208 615 uvidam

747 652 777 690 V
798 653 855 703 (6)

227 727 276 755 an
300 715 373 755 hoc
396 723 567 768 praestat
588 718 825 770 Herophilus
860 720 1046 772 Diogeni,
1084 722 1186 772 quod
1223 721 1288 761 ille
1323 734 1344 760 e
1380 727 1515 761 ventre
1544 730 1601 763 444

25 790 27 795 .
90 783 228 823 aquam
251 771 396 812 mittit?
427 774 502 824 [ad]
526 774 600 814 hoc
622 782 660 814 te
681 774 828 816 iactas?
858 782 897 815 at
917 777 992 816 hoc
1014 783 1128 829 pacto
1151 778 1284 817 utilior
1304 783 1341 817 te
1363 777 1513 818 Tuscus

24 842 29 851 ³
87 828 239 880 aquilex

738 888 785 927 VI
807 889 863 939 (5)

229 954 295 1004 qui
312 953 570 995 Tarentinum
591 962 702 995 tuum
719 957 764 995 ad
784 956 1028 997 Heraclidem
1046 957 1237 998 Ponticon
1256 958 1514 998 contenderet
1543 967 1600 1000 445

754 1032 852 1074 Vll*

228 1101 364 1140 turdae
1541 1114 1599 1147 446

717 1158 802 1197 Vlll
825 1160 881 1210 (3)

228 1241 269 1274 tu
293 1235 486 1275 medicum
507 1242 545 1275 te
565 1237 684 1276 audes
705 1237 848 1286 dicere,
871 1251 960 1278 cum
982 1239 1022 1278 in
1046 1238 1206 1278 eborato
1228 1239 1329 1279 lecto
1350 1251 1395 1279 ac
1415 1253 1510 1292 pur·
1539 1249 1597 1282 447

86 1303 208 1343 pureo
244 1291 478 1343 peristromo
515 1293 658 1333 cubare
693 1294 822 1335 videas
857 1301 1061 1347 aegrotum
1094 1296 1236 1336 eteius
1256 1296 1365 1348 prius
1385 1296 1512 1336 alvum

11 1372 27 1405 .'
88 1360 204 1400 quam
224 1346 356 1403 τύλην
376 1349 596 1389 subducere
620 1349 758 1390 malis?

706 1429 809 1468 V1111
847 1432 871 1470 4

229 1506 343 1545 quam
366 1494 403 1534 in
428 1495 649 1535 testudineo
669 1497 771 1536 lecto
793 1430 933 1537 mllelta
954 1498 1109 1550 plumea
1131 1499 1171 1538 in
1194 1498 1255 1538 die
1277 1499 1447 1539 dormire
1543 1509 1600 1544 448

627 1606 709 1640 SAR
716 1607 751 1640 DI
774 1607 970 1642 VENALES

827 1701 908 1728 non
930 1692 966 1728 te
989 1690 1044 1729 tui
1065 1690 1199 1730 saltem
1220 1691 1352 1743 pudet,
1542 1702 1600 1735 449

355 1744 386 1781 si
411 1742 507 1782 nihil
527 1743 603 1782 mei
625 1743 879 1784 revereatur?

686 1855 914 1890 SERRANVS

540 1925 657 1967 περὶ
694 1920 1049 1968 ἀρχαιρεσιῶν

751 1993 767 2031 Ι
787 1994 845 2042 (5)

355 2060 393 2097 e't
413 2064 547 2110 petere
568 2059 776 2112 imperium
799 2061 935 2113 populi
956 2068 995 2102 et
1014 2062 1256 2102 contendere
1276 2062 1448 2104 honores
1539 2074 1597 2107 450

195 2181 262 2214 442
286 2179 330 2215 Ν.
353 2191 388 2223 p.
416 2182 479 2214 145
504 2180 603 2216 nidus
635 2182 639 2225 Ι
673 2182 846 2226 lympham
878 2184 885 2227 Ι
917 2183 1063 2218 adlatam
1088 2184 1185 2219 nidos
1219 2185 1225 2229 1
1250 2186 1315 2219 443
1341 2185 1385 2219 Ν.
1407 2197 1443 2229 p.
1470 2189 1510 2222 71

7 2262 9 2264 ,
83 2227 290 2259 autumnitas
313 2228 347 2258 et
366 2237 403 2268 ρ.
430 2227 497 2260 254
520 2236 640 2270 capere
661 2227 666 2270 Ι
687 2227 729 2262 de
754 2228 899 2262 frontem
933 2229 1041 2263 bromi
1059 2230 1071 2274 u
1090 2232 1156 2264 444
1216 2257 1223 2264 .
1246 2242 1282 2273 p.
1307 2232 1350 2266 69
1375 2231 1512 2276 aquilex

83 2274 116 2304 et
139 2282 174 2314 p.
201 2272 264 2306 371
291 2275 462 2314 praestare
483 2272 488 2315 Ι
510 2282 552 2304 an
578 2272 641 2306 hoc
666 2275 699 2306 te
724 2273 848 2307 Iunius
874 2274 879 2318 Ι
910 2274 951 2308 ad
976 2275 1041 2309 hoc
1067 2279 1165 2318 pacto
1189 2275 1201 2319 ΙΙ
1227 2278 1293 2310 445
1317 2275 1362 2310 Ν.
1385 2287 1420 2320 p.
1447 2277 1512 2311 260

83 2316 298 2350 contendere.
345 2318 525 2350 senarium
556 2318 825 2360 sesquialter-um
855 2319 895 2352 L.
919 2319 1108 2354 Muellerus
1131 2319 1220 2360 fecit
1246 2322 1251 2363 Ι
1280 2321 1376 2364 ponti
1403 2322 1416 2366 Ι
1446 2323 1512 2358 446

82 2359 127 2395 Ν.
143 2372 178 2404 p.
193 2363 258 2396 229
285 2361 371 2395 turdi
396 2363 530 2405 generis
555 2362 718 2397 feminini.
754 2363 856 2397 Varro
870 2364 1147 2409 Quinquatribus,
1178 2368 1341 2409 sequitur
1359 2366 1408 2407 fr.
1425 2368 1511 2409 447;

81 2407 303 2440 intercidisse
336 2408 451 2450 igitur·
488 2407 587 2440 illiue
622 2410 717 2441 vocis
747 2410 944 2453 eoeomplum
976 2413 1010 2443 et
1039 2411 1110 2455 tyle
1139 2412 1295 2454 glossam
1318 2413 1513 2455 arbitror-n

83 2453 148 2486 447
175 2451 303 2495 tupledi
328 2455 427 2485 conta
453 2453 577 2486 caudes
613 2453 727 2487 audes.
773 2458 920 2498 propter
948 2455 1104 2498 glomum
1140 2458 1206 2491 446
1242 2459 1359 2491 contra
1396 2457 1512 2492 turdus

82 2496 186 2531 audes
213 2497 380 2530 oehlerus
399 2499 405 2541 1
426 2508 526 2541 quam
553 2501 669 2543 typen.
703 2503 854 2542 propter
879 2501 1036 2544 glossam
1068 2503 1134 2536 446
1159 2501 1291 2536 turdum
1316 2501 1477 2546 Scaliger·
1500 2505 1513 2549 ΙΙ

84 2542 150 2577 448
174 2542 218 2576 Ν.
242 2553 276 2584 p.
303 2543 347 2576 86
370 2542 493 2576 culcita

197 2589 262 2622 449
287 2586 332 2621 Ν.
353 2598 389 2631 p.
403 2590 468 2623 497
495 2590 640 2623 veretur.
679 2591 838 2623 senarios
858 2590 1006 2624 Rothiuae
1020 2592 1134 2625 voluit
1150 2592 1210 2636 (nil
1234 2592 1302 2627 mei
1325 2594 1511 2637 reveretur)

195 2633 261 2668 450
285 2631 330 2666 Ν.
352 2644 388 2676 p.
415 2634 480 2668 259
506 2634 710 2668 contendere

148 2687 279 2716 Petronii
297 2687 406 2716 satlrae
434 2688 482 2717 ed.
503 2687 544 2717 nl
1198 2696 1241 2730 14
