1728 2886
716 135 903 172 SATlRAE
1455 137 1521 175 <87

23 246 32 251 ’”
61 250 90 284 0
207 249 346 302 ecquid
369 250 548 290 Romano
569 250 693 291 sentis
712 255 751 290 te
772 250 948 302 pondere
968 249 1119 299 victam,

17 317 23 320 ·
206 319 281 346 nec
302 319 418 358 posse
440 307 603 347 ulterius
622 306 836 358 perituram
867 306 1053 346 extollere
1075 305 1252 347 molem?

206 363 290 415 ipsa
311 375 401 403 suas
421 363 522 403 vires
542 362 625 402 odit
643 362 819 402 Romana
839 362 1021 403 iuventus

207 426 246 459 et
267 432 363 471 quas
383 419 524 459 struxit
544 431 652 471 opes,
673 418 773 458 male
792 418 973 459 sustinet.
1013 419 1143 470 aspice
1164 419 1239 459 late
1430 428 1468 461 85

206 475 397 516 luxuriam
419 475 635 528 spoliorum
656 482 695 515 et
715 487 878 514 censum
900 475 940 514 in
963 475 1103 514 damna
1125 476 1335 516 furentem.

206 532 412 572 aedificant
431 544 526 573 auro
548 532 740 583 sedesque
758 532 806 571 ad
827 531 955 571 sidera
975 531 1148 580 mittunt,

207 588 458 640 expelluntur
478 600 601 640 aquae
622 588 736 635 saxis,
757 599 866 628 mare
886 588 1061 628 nascitur
1081 588 1194 636 arvis,

206 650 245 684 et
264 650 480 697 permutata
503 657 636 684 rerum
655 644 823 684 statione
844 644 1049 684 rebellant.

205 713 255 740 en
278 701 393 740 etiam
415 714 499 741 mea
520 713 642 753 regna
664 707 817 754 petunt.
858 702 1033 753 perfossa
1055 699 1220 742 dehiscit
1430 708 1468 741 90

206 757 375 797 molibus
396 758 544 798 insanis
565 758 692 805 tellus,
713 758 789 797 iam
809 757 1012 798 montibus
1031 757 1178 798 haustis

206 820 317 853 antra
339 820 514 866 gemunt,
537 821 575 854 et
595 814 687 854 dum
708 827 829 854 vanos
849 814 947 866 lapis
967 814 1118 854 invenit
1136 826 1243 863 usus,

206 870 352 910 inferni
373 883 510 911 manes
529 871 679 910 caelum
701 883 860 922 sperare
880 871 1066 910 fatentur.

207 938 329 978 quare
349 939 432 978 age,
455 927 565 974 Fors,
585 933 692 966 muta
712 933 894 979 pacatum
915 927 955 966 in
977 926 1124 979 proelia
1144 926 1293 967 vultum

206 982 484 1034 Romanosque
505 983 564 1022 cie
584 995 629 1023 ac
651 983 797 1023 nostris
818 983 865 1022 da
886 984 1026 1022 funera
1047 983 1192 1035 regnis.
1431 991 1470 1024 95

207 1039 282 1078 iam
304 1039 456 1091 pridem
479 1039 587 1079 nullo
609 1039 882 1092 perfundimus
903 1051 970 1078 ora
992 1051 1146 1087 cruore,

206 1108 281 1135 nec
301 1108 385 1135 mea
408 1095 623 1147 Tisiphone
642 1096 811 1136 sitientis
830 1096 976 1148 perluit
994 1100 1114 1143 artus,

207 1163 254 1191 ex
275 1164 355 1203 quo
376 1152 560 1192 Sullanus
580 1151 680 1192 bibit
698 1152 805 1192 ensis
825 1159 865 1192 et
885 1152 1042 1192 horrida
1064 1152 1179 1191 tellus

207 1209 344 1248 extulit
363 1209 402 1248 in
426 1209 554 1248 lucem
576 1209 744 1248 nutritas
764 1209 956 1261 sanguine
977 1208 1149 1260 fruges’'.

263 1265 359 1304 haec
380 1265 448 1304 ubi
467 1265 568 1305 dicta
589 1266 708 1313 dedit,
728 1266 887 1305 dextrae
906 1265 1151 1317 coniungere
1167 1265 1344 1305 dextram
1414 1271 1470 1305 100
1560 1265 1638 1305 121

208 1327 374 1361 conatus
394 1329 512 1374 rupto
532 1322 711 1362 tellurem
733 1322 847 1362 solvit
862 1322 981 1362 hiatu.

205 1383 303 1417 tunc
322 1377 498 1418 Fortuna
518 1378 591 1418 levi
613 1378 763 1418 defudit
781 1384 944 1431 pectore
963 1391 1098 1418 voces:

210 1436 259 1473 “0
280 1435 449 1486 genitor,
471 1435 535 1474 cui
556 1435 690 1487 Cocyti
711 1435 927 1487 penetralia
951 1440 1105 1486 parent,

207 1491 241 1531 si
259 1490 376 1530 modo
397 1503 488 1531 vera
508 1491 602 1531 mihi
623 1492 680 1531 l'as
701 1497 760 1531 est
779 1492 941 1542 impune
961 1491 1124 1543 profari,

208 1553 294 1586 vota
316 1547 385 1586 tibi
408 1548 570 1596 cedent3
594 1560 667 1587 nec
689 1548 794 1587 enim
815 1548 947 1587 minor
966 1548 1023 1587 ira
1046 1547 1210 1587 rebellat
1414 1553 1471 1586 105

210 1609 372 1656 pectore
393 1603 432 1642 in
455 1604 530 1643 hoc
551 1604 751 1655 leviorque
771 1604 899 1644 exurit
918 1604 1072 1643 flamma
1092 1603 1294 1644 medullas,

209 1659 353 1707 omnia,
375 1672 475 1711 quae
495 1659 614 1700 tribui
635 1660 824 1700 Romanis
843 1660 1011 1708 arcibus,
1033 1660 1096 1700 odi

207 1716 518 1768 muneribusque
538 1717 636 1756 meis
656 1717 817 1756 irascor.
858 1717 1034 1758 destruet
1052 1717 1143 1756 istas

208 1772 323 1820 idem,
345 1773 413 1824 qui
434 1773 577 1825 posuit,
598 1773 722 1813 moles
741 1774 851 1813 deus.
893 1780 934 1813 et
954 1773 1048 1812 mihi
1069 1773 1177 1815 cordi

207 1829 355 1881 quippe
375 1841 550 1868 cremare
570 1829 674 1870 viros
693 1835 733 1869 et
753 1829 946 1880 sanguine
966 1841 1129 1882 pascere
1149 1829 1298 1870 luxum.
1415 1835 1472 1869 110

208 1885 532 1936 cernoxequidem
554 1886 712 1937 gemina
731 1886 805 1925 iam
826 1892 970 1926 stratos
989 1893 1117 1927 morte
1137 1886 1339 1938 Philippos

208 1941 507 1994 Thessaliaeque
528 1954 647 1995 rogos
667 1949 706 1983 et
726 1943 863 1982 funera
885 1943 1014 1994 gentis
1033 1942 1214 1984 Hiberae.

209 1998 283 2038 iam
305 1999 436 2050 fragor
455 2010 655 2039 armorum
676 1999 925 2051 trepidantes
942 2005 1130 2051 personat
1148 2010 1275 2039 aures.

209 2061 249 2094 et
267 2053 411 2107 Libyae
431 2067 554 2096 cerno
574 2064 653 2104 tua,
674 2056 773 2104 Nile,
793 2055 990 2107 gementia
1010 2055 1177 2096 claustra

208 2110 467 2163 Actiacosque
487 2111 598 2152 sinus
618 2118 658 2152 et
677 2113 871 2164 Apollinis
889 2124 993 2153 arma
1015 2112 1212 2153 timentes.
1417 2117 1473 2151 115

211 2168 354 2219 pande,
375 2180 460 2219 age,
482 2174 676 2209 terrarum
696 2169 864 2209 sitientia
887 2181 1009 2221 regna
1029 2174 1186 2208 tuarum

210 2229 330 2275 atque
351 2224 500 2265 animas
519 2237 678 2265 accerse
700 2238 833 2265 novas.
874 2226 935 2266 vix
958 2225 1083 2265 navita
1106 2225 1341 2265 Porthmeus

211 2280 379 2320 sufficiet
399 2281 605 2323 simulacra
626 2282 751 2321 virum
773 2282 979 2322 traducere
1001 2282 1163 2329 cumba;

211 2336 334 2376 classe
355 2349 456 2389 opus
475 2343 548 2377 est.
587 2344 709 2390 tuque
730 2338 883 2390 ingenti
903 2338 1043 2379 satiare
1065 2338 1192 2385 ruina,

211 2449 254 2482 92
278 2458 386 2481 vanus
413 2448 440 2480 0
463 2447 576 2481 varios
600 2448 629 2481 L
649 2448 656 2491 Ι
676 2459 774 2482 usum
801 2448 918 2492 01193
942 2448 1101 2482 iubentur
1122 2446 1276 2487 fortasse
1299 2446 1329 2480 L
1349 2445 1363 2491 ΙΙ
1389 2447 1431 2481 95
1457 2445 1530 2480 acie

76 2491 423 2536 -29uell'erbytanusu
445 2494 509 2527 106
526 2493 678 2527 leviorve
696 2494 863 2527 Pithoeus
890 2493 903 2536 ΙΙ
933 2495 998 2528 109
1023 2496 1076 2526 est
1099 2492 1179 2527 mihi
1205 2492 1400 2529 Sambueus
1427 2490 1440 2535 ΙΙ
1468 2492 1532 2526 110

76 2546 226 2573 ,unnim-e
250 2538 277 2571 Ι.
301 2538 344 2572 F.
370 2537 571 2573 Gronovius
587 2538 600 2582 ΙΙ
621 2541 683 2573 111
710 2539 846 2581 gemino
870 2542 905 2572 et
927 2538 1034 2572 Marte
1062 2537 1304 2573 Tor-numana
1326 2536 1339 2582 ΙΙ
1366 2537 1431 2575 113
1452 2539 1535 2580 post

99 2583 164 2620 115
186 2582 383 2617 collocabat
406 2583 644 2626 Sur-iugarat.
691 2595 761 2626 quo
796 2583 894 2623 facco
932 2583 1115 2626 iungenda
1129 2582 1289 2619 hiberae
1325 2585 1360 2616 et
1383 2581 1530 2627 Libyae:

77 2647 83 2660 t
98 2637 200 2662 mo
