1728 2886
238 133 291 172 40
858 134 1060 170 PETRONII

172 250 225 290 60
353 262 427 289 nec
457 249 522 289 diu
553 249 684 289 mirari
705 249 814 290 licuit
834 256 910 289 tam
931 250 1129 302 elegantes
1157 251 1358 303 strophas;
1390 264 1479 291 nam
1508 259 1708 306 repentel.

238 307 436 346 lacunaria
465 318 605 346 sonare
625 313 843 358 coeperunt
862 313 1066 359 totumque
1086 308 1300 348 triclinium
1320 308 1534 349 intremuit.
1573 322 1670 350 con-

238 370 434 403 sternatus
464 376 536 415 ego
567 363 768 403 exsurrexi
800 371 838 403 et
867 364 1000 412 timui,
1032 377 1081 404 ne
1111 377 1183 417 per
1206 371 1352 404 tectum
1373 365 1671 417 petauristarius

238 420 379 472 aliquis
405 419 674 460 descenderet.
720 432 793 460 nec
813 421 944 461 minus
964 421 1103 473 reliqui
1124 422 1308 461 convivae
1328 422 1515 463 mirantes
1534 435 1671 464 erexe-

239 490 281 517 re
311 477 459 525 vultus,
498 482 748 528 expectantes
786 478 879 530 quid
915 478 1005 517 novi
1035 479 1083 518 de
1112 479 1220 518 caelo
1258 478 1520 519 nuntiaretur.
1580 492 1672 521 ecce

239 540 371 573 autem
391 533 558 574 diductis
578 534 828 574 lacunaribus
848 534 978 574 subito
999 535 1170 575 circulus
1190 535 1353 588 ingens,
1379 535 1426 575 de
1447 548 1546 589 cupa
1565 537 1671 577 vide-

238 591 329 631 licet
357 591 495 642 grandi
526 603 731 639 excussus,
762 591 997 640 demittitur,
1029 592 1140 632 cuius
1159 604 1232 644 per
1251 598 1378 632 totum
1400 592 1536 633 orbem
1557 606 1672 634 coro-

240 660 313 687 nae
344 660 483 687 aureae
515 660 602 687 cum
633 647 833 688 alabastris
853 649 1046 700 unguenti
1067 648 1307 700 pendebant.
1347 649 1440 689 dum
1460 650 1556 690 haec
1576 662 1671 704 apo-

239 705 403 756 phoreta
423 704 605 744 iubemur
625 716 791 753 sumere,
813 705 1029 756 respiciens
1049 706 1096 744 ad
1115 718 1291 746 mensam

239 762 315 800 iam
345 761 422 801 illic
443 761 721 813 repositorium
742 773 830 801 eum
854 761 1044 812 placentis
1065 761 1214 814 aliquot
1234 768 1319 802 erat
1343 763 1535 814 positum,
1567 764 1672 816 quod

240 818 410 858 medium
433 818 596 869 Priapus
617 830 638 857 a
659 818 807 869 pistore
828 819 953 858 factus
972 819 1148 867 tenebat,
1180 820 1410 871 gremioque
1430 819 1523 860 satis
1543 821 1672 872 amplo

238 874 367 914 omnis
397 875 552 926 generis
572 887 688 926 poma
709 880 748 914 et
767 886 859 915 uvas
879 875 1098 915 sustinebat
1120 888 1227 916 more
1248 877 1418 928 vulgato.
1459 877 1607 917 avidius
1625 877 1672 917 ad

237 943 420 984 pompam
458 943 599 972 manus
628 932 893 984 porreximus,
933 937 972 972 et
1003 938 1167 984 repente
1197 945 1297 972 nova
1327 933 1510 974 ludorum
1540 934 1672 974 missio

238 988 471 1028 hilaritatem
501 988 564 1028 hic
593 988 741 1028 refecit.
782 1001 918 1028 omnes
948 989 1053 1028 enim
1083 989 1287 1041 placentae
1317 990 1527 1042 omniaque
1558 1002 1673 1043 poma

238 1045 353 1085 etiam
382 1045 543 1084 minima
571 1045 774 1085 vexatione
803 1051 984 1085 contacta
1015 1052 1235 1098 coeperunt
1263 1047 1467 1087 effundere
1497 1060 1672 1097 crocum,

238 1109 277 1142 et
308 1114 431 1154 usque
462 1102 509 1141 ad
540 1115 583 1142 os
603 1102 790 1142 molestus
809 1115 925 1141 umor
946 1103 1134 1143 accidere.
1177 1104 1249 1143 rati
1280 1115 1375 1155 ergo
1402 1116 1557 1144 sacrum
1588 1117 1673 1145 esse

238 1159 446 1199 fericulum
475 1165 553 1198 tam
585 1159 766 1210 religioso
797 1166 987 1212 apparatu
1017 1161 1237 1211 perfusum,
1268 1161 1590 1202 consurreximus
1619 1161 1673 1201 al-

238 1215 315 1256 tius
345 1222 384 1256 et
414 1217 624 1267 ‘Augusto,
655 1216 756 1268 patri
784 1217 952 1268 patriae,
991 1216 1170 1256 feliciter'
1199 1217 1379 1257 diximus.
1440 1217 1672 1269 quibusdam

237 1280 367 1313 tamen
398 1273 513 1312 etiam
543 1279 633 1324 post
661 1274 762 1313 hanc
792 1273 1083 1313 venerationem
1113 1286 1231 1325 poma
1260 1274 1506 1326 rapientibus
1536 1280 1576 1314 et
1598 1275 1673 1327 ipsi

238 1342 400 1382 mappas
420 1329 685 1381 implevimus,
708 1343 779 1382 ego
802 1330 1030 1382 praecipue,
1054 1331 1119 1382 qui
1142 1331 1250 1371 nullo
1270 1331 1362 1371 satis
1383 1332 1513 1384 amplo
1535 1344 1674 1372 mune-

238 1398 281 1426 re
301 1386 486 1438 putabam
508 1399 570 1426 me
591 1399 756 1426 onerare
778 1387 930 1426 Gitonis
950 1386 1092 1426 sinum.

354 1443 458 1483 inter
496 1443 592 1483 haec
622 1450 702 1483 tres
739 1444 851 1495 pueri
882 1444 1066 1483 candidas
1095 1444 1286 1484 succincti
1317 1444 1470 1484 tunicas
1500 1445 1674 1485 intrave—

239 1506 344 1548 runt,
367 1511 536 1551 quorum
558 1499 636 1539 duo
653 1500 772 1540 Lares
792 1499 959 1539 bullatos
979 1512 1099 1552 super
1119 1512 1293 1540 mensam
1315 1507 1549 1553 posuerunt,
1570 1513 1675 1542 unus

240 1563 414 1609 pateram
434 1556 515 1596 vini
535 1557 818 1596 circumferens
840 1556 903 1596 ‘dii
925 1556 1098 1608 propitii’
1119 1557 1322 1596 clamabat.

241 1613 366 1654 aiebat
386 1619 515 1653 autem
537 1625 660 1653 unum
683 1613 922 1662 Cerdonem,
952 1613 1116 1652 alterum
1138 1613 1394 1662 Felicionem,
1415 1614 1573 1654 tertium
1596 1614 1673 1655 Lu·
1708 1623 1709 1627 ’

241 1671 417 1710 orionem
447 1670 590 1710 vocari.
632 1683 705 1710 nos
735 1671 849 1710 etiam
880 1682 1011 1710 veram
1042 1670 1250 1722 imaginem
1272 1671 1395 1723 ipsius
1417 1670 1676 1711 Trimalchio-

242 1727 314 1775 nis,
336 1739 425 1766 cum
446 1727 522 1766 iam
543 1739 680 1767 omnes
699 1727 917 1775 basiarent,
939 1727 1167 1767 erubuimus
1188 1727 1414 1779 praeterire.

173 1783 223 1823 61
354 1790 562 1836 postquam
593 1795 686 1834 ergo
718 1796 855 1824 omnes
886 1783 1030 1823 bonam
1060 1790 1231 1823 mentem
1254 1783 1477 1836 bonamque
1497 1784 1675 1825 valitudi-

242 1853 331 1880 nem
358 1840 432 1880 sibi
454 1846 653 1892 optarunt,
680 1840 913 1880 Trimalchio
936 1840 983 1879 ad
1003 1840 1226 1880 Nicerotem
1247 1841 1419 1893 respexit
1438 1847 1477 1881 et
1497 1840 1675 1882 ‘solebas'

241 1897 370 1948 inquit
400 1897 575 1937 ‘suavius
605 1909 690 1937 esse
721 1897 761 1936 in
792 1897 997 1945 convictu3
1040 1897 1172 1937 nescio
1204 1897 1296 1949 quid
1328 1910 1436 1938 nunc
1466 1903 1572 1938 taces
1603 1910 1677 1938 nec

241 1954 387 1994 muttis.
429 1966 499 1993 oro
528 1959 587 2001 te,
617 1954 674 1994 sic
694 1953 845 1993 felicem
867 1966 929 1993 me
949 1953 1077 1994 videas
1091 1985 1100 2002 ‚
1131 1966 1246 1994 narra
1268 1954 1362 1994 illud
1383 1955 1487 2006 quod
1509 1954 1580 1995 tihi
1599 1966 1675 1994 usu

242 2011 380 2050 venit'.
434 2011 595 2051 Niceros
625 2010 839 2051 delectatus
868 2009 1091 2050 affabilitate
1121 2011 1234 2050 amici
1264 2015 1406 2051 ‘omne
1435 2011 1517 2051 me'
1548 2008 1677 2064 inquit

242 2068 409 2107 ‘lucrum
439 2074 629 2115 transeat,
662 2068 737 2107 nisi
763 2068 839 2107 iam
860 2067 1006 2106 dudum
1036 2067 1286 2118 gaudimonio
1317 2067 1481 2117 dissilio,
1509 2068 1616 2121 quod
1636 2075 1675 2107 te

241 2124 357 2164 talem
387 2124 511 2164 video.
552 2124 682 2175 itaque
703 2124 838 2164 hilaria
860 2135 965 2163 mera
986 2124 1084 2171 sint,
1116 2125 1186 2164 etsi
1207 2125 1327 2164 timeo
1347 2125 1443 2165 istos
1473 2124 1677 2166 scholasti—

242 2194 330 2229 cos,
361 2194 412 2220 ne
443 2193 505 2220 me
535 2181 698 2220 rideant.
738 2181 924 2220 viderint:
957 2180 1125 2220 narrabo
1157 2189 1309 2230 tamen;
1341 2182 1434 2234 quid
1455 2181 1562 2222 enim
1580 2181 1675 2222 mihi
1704 2210 1713 2230 -,

242 2239 388 2285 aufert,
421 2238 487 2289 qui
517 2236 646 2277 ridet?
685 2238 807 2277 satius
837 2245 895 2277 est
924 2237 1043 2277 rideri
1073 2250 1189 2289 quam
1220 2238 1419 2278 derideri'.
1461 2239 1577 2279 ‘haec
1606 2238 1674 2278 ubi

240 2295 342 2334 (licta
363 2295 467 2334 dedit
477 2294 498 2343 ',
518 2294 634 2334 talem
655 2294 824 2334 fabulam
845 2306 1007 2334 exorsus
1028 2301 1106 2334 est:

357 2355 459 2391 ‘cum
488 2351 614 2391 adhuc
645 2351 849 2399 servirem,
881 2350 1150 2391 habitabamus
1179 2351 1220 2390 in
1241 2351 1326 2392 vico
1347 2357 1536 2404 angusto;
1567 2363 1675 2392 nunc

244 2407 409 2447 Gavillae
440 2409 578 2448 (lomus
599 2415 669 2448 est.
710 2408 783 2456 ibi,
815 2408 1013 2460 quomodo
1035 2408 1086 2448 dii
1108 2408 1263 2456 volunt,
1296 2420 1425 2448 amare
1446 2408 1559 2462 coepi
1579 2421 1676 2448 uxo-

359 2554 379 2587 6
404 2552 567 2586 deductus
585 2553 597 2597 ΙΙ
619 2555 658 2587 13
684 2553 724 2587 ad
751 2553 907 2597 Priapum
935 2553 1088 2587 Keller-us
1115 2554 1121 2594 l
1142 2553 1202 2587 sed
1227 2556 1308 2586 ante
1332 2553 1512 2588 edideram
1531 2553 1538 2595 l
1558 2554 1674 2588 remis-

246 2598 296 2632 sio
323 2597 335 2642 ΙΙ
354 2600 395 2632 14
419 2599 582 2632 minorem
608 2598 688 2632 fecit
712 2601 864 2641 conieci,
898 2599 990 2632 hiare
1021 2599 1101 2632 fecit
1124 2598 1281 2632 Rohdius
1299 2599 1312 2642 ll
1330 2599 1371 2633 16
1395 2608 1458 2633 nos
1483 2599 1496 2643 ΙΙ
1521 2601 1560 2634 17
1586 2599 1676 2643 peri-

245 2644 359 2677 culum
376 2643 389 2687 11
410 2645 449 2678 19
474 2643 565 2686 ipsas
584 2644 596 2687 ΙΙ
613 2646 654 2678 25
679 2644 850 2679 lucronem
870 2644 882 2688 ΙΙ
900 2647 942 2679 35
967 2654 1021 2678 me
1045 2644 1219 2678 derideant
1244 2643 1366 2678 viderit
