1728 2886
236 130 315 171 186
840 132 1061 170 VARRONIS

897 249 929 287 V
951 250 1007 300 (7)

140 309 202 342 226
1286 314 1403 361 atque

563 362 735 414 Aegaeos
757 362 899 403 fluctus
921 375 1035 414 quam
1057 362 1148 403 lavit
1168 371 1258 405 ante
1279 365 1421 417 aquilo,

507 430 645 459 saevus
664 418 732 458 ubi
752 419 884 472 posuit
905 420 1078 472 Neptuni
1099 420 1202 461 filius
1222 421 1361 462 urbem

891 499 940 538 VI
963 500 1020 550 (2)

144 558 203 592 227
258 610 265 617 ·
375 553 552 618 singulos
572 554 694 595 lectos
714 561 856 596 stratos
877 555 945 595 ubi
963 555 1182 606 habuimus,
1204 557 1403 598 amisimus
1423 565 1586 612 propter
1602 571 1667 599 ca-

234 621 331 650 riem
352 616 390 650 et
411 616 556 651 tineam
919 639 923 644 -

882 667 951 708 Vll
971 670 1030 721 (1)

145 731 206 764 228
377 725 542 778 phrygio
566 725 631 777 qui
654 724 835 777 pulvinar
855 732 1011 778 poterat
1029 727 1206 779 pingere,
1227 727 1346 767 soliar
1366 727 1571 780 deiugebat

871 805 957 845 VIII
978 806 1033 856 (3)

150 879 207 912 229
379 871 561 912 mulieres
583 872 697 912 aliam
718 885 903 913 cerneres
924 885 1014 913 cum
1035 873 1134 914 stola
1155 869 1456 931 ὃλοπορφύρῳ

700 995 1193 1032 ΚῩΝΟΔῙΔΑΣΚΑΛΙΚΑ

144 1073 203 1106 ‘230
373 1060 492 1102 Varro
514 1065 555 1103 in
576 1064 896 1115 cynodidascalico
914 1063 1141 1106 Phalaecion
1160 1072 1323 1106 metrum
1343 1068 1512 1107 ionicum
1535 1069 1668 1108 trime-

233 1123 337 1159 trum
359 1119 522 1172 appellat

788 1189 1109 1224 KYNOPHTRP

833 1257 848 1295 Ι
869 1265 1075 1309 (κυνίστωρ)

144 1335 200 1368 231
373 1324 528 1377 eclipsis
550 1323 708 1376 quando
730 1325 786 1374 fit,
808 1337 881 1365 cui·
896 1326 989 1366 luna
1004 1326 1183 1367 laboret?
1206 1334 1245 1368 et
1260 1327 1290 1367 si
1308 1327 1383 1367 hoc
1400 1326 1562 1367 ridicule
1579 1339 1664 1367 cre-

232 1380 344 1427 dunt,
366 1381 509 1430 dic-ant,
531 1382 625 1433 quid
647 1381 797 1421 laboret
937 1439 971 1479 ss

147 1515 203 1550 232
376 1506 541 1546 celerius
562 1512 687 1546 mater
707 1506 839 1546 amixit

810 1629 893 1663 LEX
917 1628 1083 1663 MAENlA

906 1699 920 1739 Ι
943 1700 1000 1750 (6)

149 1767 206 1800 233
507 1768 580 1796 nos
600 1755 851 1806 admirantes,
873 1756 979 1809 quod
999 1769 1140 1797 sereno
1162 1756 1310 1796 lumine

506 1813 713 1861 tonuisset,
737 1813 860 1853 oculis
882 1813 978 1853 caeli
999 1813 1133 1853 rimari
1153 1813 1284 1867 plagas

899 1893 935 1932 II
955 1894 1012 1944 (7)

149 1961 205 1994 234
506 1961 587 1988 non
611 1949 682 1989 hos
704 1949 884 1990 Pactolus
905 1952 1042 1990 aureas
1062 1950 1187 1990 undas
1207 1962 1327 2003 agens

504 2006 646 2058 eripiet
665 2018 852 2059 umquam
874 2019 894 2046 e
914 2006 1079 2047 miseriis

348 2107 413 2140 226
438 2105 482 2140 Ν.
502 2117 540 2149 p.
565 2107 630 2140 503
657 2084 744 2140 lavit.
763 2105 769 2152 Ι
791 2117 895 2150 egeus
919 2107 988 2148 (vel
1011 2106 1133 2150 egetis)
1158 2106 1282 2140 fluctus
1300 2106 1312 2150 ΙΙ
1331 2107 1394 2141 227
1420 2105 1465 2140 N.
1487 2117 1522 2151 p.
1546 2107 1588 2141 83
1614 2116 1669 2140 ca·

235 2151 301 2185 ries
322 2151 327 2192 Ι
346 2155 448 2195 putes
474 2152 583 2186 tineas
600 2151 613 2196 ΙΙ
632 2153 698 2186 228
722 2152 767 2186 Ν.
778 2163 816 2195 p.
830 2153 848 2186 3
867 2152 1012 2197 phrygio
1034 2155 1039 2195 1
1061 2152 1242 2196 devigebat
1266 2152 1323 2185 vel
1345 2151 1538 2195 deiugebat.
1584 2163 1668 2195 pro-

230 2198 351 2239 posita
374 2200 459 2230 sunt
481 2197 687 2242 depingebat
710 2197 900 2241 refingebat
924 2197 1126 2241 diffingebat
1149 2198 1332 2241 levigabat.
1378 2198 1418 2230 in
1436 2196 1520 2234 CIL.
1542 2197 1668 2232 V1139
1694 2214 1700 2235 v,
1727 2236 1728 2239 Ἰ

237 2243 370 2285 legitur
394 2243 525 2287 repingi
549 2244 694 2276 verbum
711 2242 724 2286 ΙΙ
742 2244 807 2278 229
831 2243 876 2277 Ν.
898 2254 933 2286 p.
960 2245 1023 2278 537
1053 2243 1177 2277 stolam
1204 2242 1210 2288 Ι
1237 2253 1354 2277 cernes
1378 2243 1492 2277 eodem
1515 2245 1669 2287 optimus

349 2290 415 2323 230
442 2288 584 2322 Caesius
609 2289 739 2322 Bassus
774 2290 815 2322 de
843 2291 966 2322 metris
987 2299 1023 2332 p.
1049 2290 1110 2322 261
1139 2287 1178 2323 K.
1211 2290 1317 2322 huius
1340 2288 1451 2322 libelli
1481 2298 1668 2332 argumen-

237 2338 312 2367 tum
348 2345 421 2367 non
455 2335 597 2368 videtur
622 2335 824 2378 discrepare
862 2345 941 2367 cum
976 2345 1015 2367 eo
1041 2345 1142 2377 quem
1165 2334 1306 2368 Nonius
1334 2344 1368 2377 p.
1394 2335 1436 2368 67
1475 2337 1668 2378 parentatae

236 2383 408 2413 memorat
438 2379 545 2413 Varro
577 2379 619 2414 de
652 2380 899 2424 compositione
930 2382 1118 2414 saturarum
1151 2380 1354 2423 ‘parentatae
1379 2381 1516 2422 assunt,
1548 2378 1669 2414 mulier

237 2436 323 2468 quae
347 2425 468 2459 mulier
495 2425 618 2467 Venus,
643 2424 756 2469 caput’

351 2473 412 2505 231
440 2471 694 2514 Philargyrius
717 2471 822 2514 Verg.
840 2480 965 2514 georg.
983 2469 1009 2504 11
1032 2472 1096 2505 477
1125 2469 1228 2504 Varro
1259 2470 1294 2503 in
1320 2469 1508 2514 cynistrore
1528 2469 1534 2513 Ι
1554 2468 1669 2504 dicant
1692 2508 1694 2510 ,

237 2515 328 2558 quod
353 2516 508 2550 laborant
525 2517 537 2560 ΙΙ
556 2518 621 2552 232
646 2516 833 2550 Diomedes
851 2527 888 2559 p.
915 2517 978 2550 367
1006 2515 1043 2550 K.

351 2563 416 2596 233
441 2561 584 2595 Nonius
602 2572 639 2605 p.
666 2563 732 2597 369
755 2562 855 2606 plaga
881 2564 915 2594 et
935 2572 970 2605 p.
995 2562 1060 2596 382
1084 2560 1196 2594 rimari
1214 2559 1311 2604 11234
1334 2559 1381 2594 Ν.
1401 2571 1438 2604 p.
1451 2561 1515 2595 243
1541 2561 1665 2604 agere!
1690 2563 1693 2566 ⁴

237 2616 255 2639 e
280 2616 333 2639 me
351 2607 495 2691 miseriis
513 2608 626 2641 codeoe
643 2608 815 2652 opeimm:
840 2616 988 2642 emersos
1006 2617 1047 2641 ex
1065 2606 1116 2640 his
1133 2605 1276 2640 miseriis
1295 2607 1402 2640 liuius
1416 2605 1512 2640 moda·
1529 2606 1669 2639 videtur
1691 2612 1694 2614 “

236 2662 358 2684 versus
401 2663 492 2685 uzsse
