1728 2886
226 98 308 148 144
820 98 1015 135 cARmNA
1029 88 1031 90 ’

852 215 1029 257 XXXIIII

381 285 477 325 Cum
499 296 653 324 sacrum
674 285 786 324 fieret
805 284 878 324 deo
899 285 1028 333 salaci,
1058 327 1061 330 ,

379 342 574 382 conducta
595 346 654 381 est
674 341 800 393 pretio
822 341 952 393 puella
973 353 1093 393 parvo

379 398 601 438 communis
621 398 713 438 satis
734 397 919 438 omnihus
939 399 1089 438 futura:

380 468 481 507 quae
502 460 603 510 quot
619 461 737 495 nocte
758 455 862 495 viros
882 455 1036 508 peregit
1056 466 1148 502 una,

379 518 439 551 tot
459 524 597 564 verpas
617 511 689 551 tibi
710 511 862 552 dedicat
883 512 1064 563 salignas.

874 604 1011 652 xxxv

379 693 628 741 Pedicabere,
647 693 722 741 fur,
743 694 885 742 seme13
907 692 973 732 sed
995 692 1097 732 idem

380 750 411 790 si
429 751 648 802 deprensus
669 749 746 789 eris
766 748 840 797 bis,
863 749 1075 789 irrumabo.

381 806 485 859 quod
507 806 539 846 si
560 806 673 846 tertia
694 807 797 845 furta
817 805 1003 853 molieris,

382 869 426 903 ut
445 876 616 915 poenam
637 863 786 915 patiare
808 868 846 902 et
865 862 967 902 hanc
989 868 1029 902 et
1048 862 1166 910 illam,

379 920 625 973 pedicaberis
646 919 989 971 irrumaberisque.

871 1020 1026 1060 XXXVI

381 1101 502 1141 Notas
523 1100 712 1142 habemus
733 1101 899 1153 quisque
920 1101 1098 1153 corporis
1119 1101 1283 1140 formas:

383 1157 567 1198 Phoebus
588 1170 783 1206 comosus,
805 1157 993 1197 Hercules
1013 1158 1241 1206 lacertosus,

383 1215 502 1254 trahit
521 1215 685 1267 figuram
706 1214 867 1266 virginis
886 1220 1001 1254 tener
1020 1214 1209 1262 Bacchus,

382 1272 554 1312 Minerva
575 1284 665 1312 ravo
678 1272 836 1312 -lumine
858 1278 927 1319 est,
948 1271 1080 1311 Venus
1100 1276 1229 1324 paeto,

307 1337 325 1367 5
383 1329 516 1368 fronte
537 1329 701 1368 crinitos
721 1328 892 1368 Arcades
911 1327 1018 1368 vides
1040 1327 1209 1376 Faunos,

386 1385 503 1425 habet
524 1386 708 1425 decentes
729 1385 892 1425 nuntius
912 1385 1027 1424 deum
1049 1384 1214 1438 plantas,

387 1442 507 1482 tutela
529 1442 668 1482 Lemni
688 1442 863 1494 dispares
883 1447 1014 1481 movet
1033 1453 1201 1493 gressus,

389 1499 546 1540 intonsa
566 1511 725 1552 semper
745 1498 977 1551 Aesculapio
998 1497 1119 1538 barba
1141 1504 1212 1547 est,

388 1568 504 1596 nemo
526 1562 584 1596 est
604 1556 727 1596 feroci
746 1555 993 1608 pectorosior
1013 1555 1156 1603 Marte:

294 1619 329 1656 10
387 1613 492 1664 quod
514 1613 545 1653 si
568 1613 655 1665 quis
674 1613 779 1653 inter
797 1612 870 1652 hos
891 1612 1001 1652 locus
1020 1612 1114 1651 mihi
1134 1617 1264 1661 restat,

384 1670 481 1710 deus
503 1670 644 1722 Priapo
665 1670 919 1710 mentulatior
939 1682 1020 1708 non
1043 1676 1113 1709 est.

862 1770 1036 1811 XXXVII

389 1850 468 1891 Cur
488 1850 637 1903 pictum
657 1851 822 1891 memori
843 1851 892 1891 sit
912 1851 950 1890 in
975 1850 1116 1891 tabella

385 1907 621 1956 membrum,
638 1907 832 1959 quaeritis,
850 1908 955 1947 unde
968 1905 1257 1960 procreamur?

388 1977 476 2004 cum
499 1964 612 2016 penis
632 1964 726 2004 mihi
748 1965 849 2004 sorte
870 1965 997 2004 laesus
1017 1970 1118 2004 esset

388 2022 690 2074 chii-urgamque
709 2033 869 2061 manum
890 2021 1008 2061 miser
1028 2021 1218 2068 timerem,

312 2085 330 2116 5
387 2079 446 2118 dis
467 2091 529 2118 me
549 2078 731 2131 legitimis
752 2078 946 2130 nimisque
966 2077 1129 2129 magnis,

390 2142 432 2175 ut
453 2135 612 2175 Phoebo
634 2140 729 2188 puta
749 2135 908 2186 filioque
929 2134 1088 2183 Phoebi,

389 2198 569 2232 curatum
589 2193 681 2232 dare
700 2191 915 2232 mentulam
935 2190 1108 2231 verebar.

388 2249 480 2290 huic
500 2249 599 2289 dixi:
632 2249 705 2288 ‘ser-
725 2261 853 2301 opem,
876 2247 1028 2300 Priape,
1048 2247 1162 2300 parti,

393 2307 504 2346 cuius
523 2312 580 2355 tu,
601 2312 726 2359 pater,
746 2305 829 2358 ipse
850 2317 941 2357 pars
961 2304 1122 2345 videris:
1181 2304 1184 2306 ’

353 2428 474 2461 XXXV
501 2431 521 2463 2
546 2429 573 2462 si
599 2429 750 2472 precisus
773 2431 837 2461 aut
860 2437 1003 2471 prensus
1027 2426 1115 2467 eris,
1151 2426 1245 2459 unde
1276 2429 1310 2460 te
1334 2425 1363 2460 si
1386 2433 1527 2470 prensus
1551 2425 1691 2469 conio-4

239 2484 367 2515 ceram,
394 2473 574 2516 praedatus
598 2475 834 2508 Baelzrensius
859 2473 871 2517 ΙΙ
889 2471 1025 2506 XXXVI
1048 2474 1070 2506 4
1093 2471 1184 2505 flavo
1221 2471 1226 2515 1
1260 2474 1279 2505 5
1305 2470 1448 2504 frontem
1474 2470 1588 2512 volgo,
1612 2478 1686 2503 cu·-v

239 2519 355 2562 prinos
381 2520 419 2553 L.
444 2520 652 2561 Muellerus,
682 2520 903 2561 singularem
928 2518 1088 2551 desidero
1111 2519 1153 2550 ut
1173 2516 1209 2550 in
1233 2516 1343 2550 fronte
1367 2525 1491 2550 cornua
1515 2513 1668 2549 Arcados

240 2563 336 2598 vides
354 2563 456 2597 Fauni
479 2567 483 2605 Ι
507 2568 548 2599 10
573 2565 657 2599 haec
673 2564 686 2609 ΙΙ
702 2564 852 2598 XXXVII
877 2566 899 2598 4
919 2563 1210 2606 chirurgicamque
1231 2562 1362 2606 plures,
1385 2559 1560 2605 cirugique
1572 2559 1687 2595 Lau-2
1724 2604 1725 2607 Ἰ

239 2611 423 2642 rrmtianus
444 2612 448 2652 Ι
471 2613 488 2643 7
516 2609 696 2644 curandam
720 2610 786 2643 alii
805 2610 811 2654 Ι
832 2611 852 2644 9
876 2610 950 2653 ipse
973 2618 1034 2653 par
1560 2641 1563 2643 ,
1685 2611 1687 2613 ’
