1728 2886
779 449 793 488 1

208 515 398 556 Carminis
418 515 607 568 incompti
627 516 736 556 lusus
756 517 907 556 lecture
930 529 1130 569 procaces,

263 572 502 612 conveniens
523 573 634 612 Latio
655 585 761 625 pone
782 573 1050 625 supercilium.

208 640 288 668 non
310 640 422 668 soror
441 629 517 669 hoc
537 629 682 669 habitat
703 629 862 678 Phoebi,
890 642 971 669 non
993 630 1105 670 Vesta
1128 631 1281 679 sacello,

267 697 340 724 nec
362 697 461 736 quae
482 686 530 726 de
551 685 677 738 patrio
698 686 842 726 vertice
865 692 954 726 nata
976 687 1046 726 dea
1068 693 1138 736 est,

207 741 274 781 sed
295 741 416 781 ruber
435 742 640 782 hortorum
662 749 806 791 custos,
829 743 1090 784 membrosior
1111 757 1248 796 aequo,
1421 750 1439 782 5

266 798 333 849 qui
356 804 501 838 tectum
522 799 641 839 nullis
662 799 834 840 vestibus
854 800 1002 851 inguen
1023 801 1153 841 habet.

209 859 275 894 aut
295 854 415 906 igitur
434 856 608 895 tunicam
628 857 729 908 parti
751 856 967 908 praetende
988 857 1191 910 tegendae,

265 917 332 950 aut
353 911 496 963 quibus
517 912 617 952 hanc
638 913 762 953 oculis
782 913 961 965 adspicis,
984 914 1054 954 ista
1076 914 1172 966 lege.

767 1013 803 1053 11

211 1078 369 1119 Ludens
388 1079 485 1119 haec
506 1091 579 1131 ego
600 1085 700 1120 teste
721 1086 771 1129 te,
795 1081 943 1134 Priape,

213 1135 327 1175 horto
349 1135 521 1175 carmina
543 1136 672 1188 digna,
695 1149 775 1177 non
798 1138 942 1188 libello,

212 1192 349 1244 scripsi
372 1205 452 1232 non
475 1193 638 1233 nimium
661 1193 865 1235 laboriose.

212 1261 286 1289 nec
307 1249 435 1289 Musas
456 1255 598 1296 tamen,
619 1255 663 1289 ut
683 1251 811 1290 solent
830 1257 983 1303 poetae,

214 1305 261 1344 ad
282 1318 363 1346 non
385 1306 607 1357 virgineum
628 1306 758 1346 locum
779 1308 921 1348 vocavi.
987 1340 989 1342 v
1425 1314 1444 1345 5

206 1374 296 1402 nam
316 1374 456 1402 sensus
476 1363 571 1402 mihi
592 1375 740 1415 corque
761 1365 948 1405 defuisset

216 1424 351 1471 castas,
371 1419 541 1459 Pierium
561 1419 738 1469 chorum,
760 1433 917 1462 sorores

215 1487 309 1515 auso
330 1475 474 1515 ducere
494 1476 709 1516 mentulam
729 1478 774 1516 ad
795 1477 939 1530 Priapi.

217 1544 311 1584 ergo
332 1532 518 1583 quicquid
538 1532 576 1572 id
598 1538 668 1581 est,
690 1533 794 1585 quod
816 1534 964 1574 otiosus

217 1588 352 1640 templi
372 1588 586 1640 parietibus
607 1590 663 1629 tui
684 1590 825 1638 notavi,
1411 1595 1447 1628 1⁰

219 1645 259 1684 in
281 1651 433 1698 partem
453 1645 621 1697 accipias
641 1645 798 1694 bonam,
819 1658 1014 1697 rogamus.

766 1747 819 1787 ΙΙΙ

689 1805 890 1855 [ovinu]

223 1868 400 1910 Obscure
420 1876 595 1922 poteram
617 1871 687 1910 tibi
707 1871 856 1911 dicere:
879 1871 937 1911 ‘da
959 1871 1065 1919 mihi,
1086 1871 1189 1924 quod
1212 1877 1253 1911 tu

279 1927 347 1967 des
368 1927 459 1967 licet
477 1927 643 1975 assidue,
665 1928 720 1968 nil
741 1934 869 1968 tamen
892 1928 982 1968 inde
1004 1929 1118 1980 perit.

221 1983 267 2022 da
290 1983 395 2031 mihi,
417 1984 522 2035 quod
544 1984 679 2036 cupies
698 1986 842 2025 frustra
863 1985 956 2024 dare
977 1985 1138 2025 forsitan
1162 1985 1266 2032 olim,

268 2051 358 2080 cum
379 2045 489 2079 tenet
507 2040 685 2081 obsessas
705 2041 833 2081 invida
855 2040 974 2081 barba
994 2053 1128 2092 genas,

225 2096 408 2148 quodque
428 2096 508 2136 lovi
527 2097 698 2147 dederat,
721 2098 787 2149 qui
807 2104 943 2150 raptus
963 2098 1011 2138 ab
1033 2099 1122 2138 alite
1143 2109 1251 2138 sacra
1431 2103 1450 2135 5

280 2153 416 2193 miscet
434 2154 597 2194 amatori
617 2155 758 2206 pocula
778 2160 884 2207 grata
910 2167 993 2202 sue,

226 2209 330 2260 quod
352 2209 459 2260 virgo
478 2210 604 2262 prima
625 2211 767 2263 cupido
789 2212 853 2251 dat
874 2217 987 2251 nocte
1008 2211 1160 2258 marito,

280 2265 374 2305 dum
394 2266 504 2306 timet
523 2267 682 2308 alterius
702 2268 843 2308 vulnus
862 2268 997 2320 inepta
1017 2267 1117 2307 loci'.

226 2322 440 2375 simplicius
459 2323 584 2363 multo
605 2330 662 2364 est
684 2325 741 2364 ‘da
762 2324 955 2377 pedicare’
977 2324 1116 2364 Latine

283 2378 433 2419 dicere:
455 2380 548 2432 quid
570 2379 734 2420 faciam?
755 2393 884 2421 crassa
905 2381 1076 2421 Minerva
1099 2392 1181 2420 mea
1203 2384 1273 2419 est.
1414 2384 1452 2417 10

33 2491 42 2523 g
199 2477 296 2520 Quae
318 2490 391 2513 non
415 2479 592 2515 adiectum
614 2482 744 2514 habent
767 2483 926 2514 auctoris
941 2490 1077 2521 nomen,
1101 2490 1142 2512 ea
1167 2481 1205 2512 in
1231 2479 1409 2512 codicibus
1427 2478 1509 2521 plu·
1543 2499 1545 2502 -

89 2523 190 2556 rimie
211 2527 246 2558 et
267 2526 410 2568 optimis
433 2525 610 2568 leguntur.
659 2525 704 2566 cs:
729 2527 842 2559 musei
865 2524 1027 2558 Rhenum·
1049 2523 1118 2560 vol.
1133 2523 1257 2558 XVIII
1271 2535 1309 2568 p.
1322 2523 1390 2558 383
1405 2533 1450 2558 σε.
1475 2525 1509 2555 et

30 2566 52 2610 ’ᾗ
88 2566 280 2603 Baka-omi
298 2572 421 2614 poetas
444 2571 507 2605 lat.
529 2573 684 2606 minores
707 2571 727 2604 Ι
742 2581 779 2614 p.
803 2571 848 2605 54
870 2582 916 2604 se.

200 2612 239 2647 111
266 2614 386 2648 ovidii
401 2626 472 2648 esse
489 2619 639 2649 testatur
655 2616 787 2651 Seneca
801 2618 905 2660 pater
921 2618 1032 2650 contr.
1051 2615 1071 2648 I
1083 2614 1116 2658 2,
1132 2613 1178 2649 22
1196 2614 1203 2659 Ι
1224 2617 1245 2649 4
1268 2616 1362 2657 teget
1375 2612 1508 2648 Aldina
