1728 2886
110 1009 158 1048 15

175 151 255 190 236
577 149 772 186 SENECAE
796 149 1207 186 APOCOLOCYNTOSIS

174 267 252 306 dita
273 266 512 307 condemnat
531 273 569 306 et
589 267 660 306 ait:
689 265 785 309 αἴκε
805 263 956 308 πάθοι
976 263 1031 307 τά
1052 259 1093 306 τ’
1120 263 1259 322 ἔρεξε,
1291 265 1386 324 δίκη
1407 260 1449 309 κ’
1476 265 1602 310 ἰθεῖα
1676 271 1689 320 J,

173 324 359 378 γένοιτο.
396 324 537 375 ingens
557 324 756 364 silentium
777 324 921 363 factum
943 329 1014 363 est.
1049 323 1260 375 stupebant
1276 336 1414 365 omnes
1435 326 1603 367 novitate
1674 327 1675 330 ’

174 380 230 420 rei
251 380 427 428 attoniti,
461 381 661 433 negabant
681 381 756 421 hoc
776 392 952 432 unquam
975 380 1134 420 factum.
1184 380 1344 421 Claudio
1376 383 1497 434 magis
1525 383 1601 423 ini-

174 449 294 489 quum
331 436 533 477 videbatur
563 450 679 489 quam
712 449 870 478 novum.
930 437 977 477 de
1007 448 1152 488 genere
1182 450 1335 490 poenae
1364 438 1431 478 diu
1467 439 1602 493 dispu-

173 500 296 534 tatum
323 499 401 542 est,
432 494 526 546 quid
557 495 666 535 illum
697 495 777 547 pati
809 500 1022 546 oporteret.
1083 502 1196 534 erant
1225 494 1293 546 qui
1323 494 1512 545 dicerent,
1542 496 1600 537 Si-

172 551 340 603 syphum
368 554 462 592 satis
490 551 557 591 diu
577 553 741 592 laturam
763 552 923 598 fecisse,
953 550 1159 591 Tantalum
1190 552 1252 591 siti
1281 552 1500 604 periturum
1530 553 1604 594 nisi

173 607 228 647 illi
248 614 569 655 succurreretur,
601 609 811 661 aliquando
838 608 984 649 Ixionis
1014 608 1148 648 miseri
1178 615 1303 648 rotam
1334 609 1603 650 sufflaminan-

174 665 275 704 dam.
317 678 398 705 non
419 665 566 717 placuit
586 666 655 706 ulli
676 678 723 705 ex
744 665 938 705 veteranis
958 665 1183 705 missionem
1205 665 1310 714 dari,
1341 679 1391 706 ne
1410 667 1471 707 vel
1491 666 1604 707 Clau·
1677 659 1686 666 ’

173 722 259 762 dius
289 734 466 774 unquam
495 722 622 763 simile
652 728 840 775 speraret.
891 722 1039 774 placuit
1059 734 1197 762 novam
1217 735 1386 775 poenam
1417 723 1603 765 constitui

173 778 339 826 debere,
370 779 670 831 excogitandum
693 780 746 819 illi
767 779 942 819 laborem
964 779 1119 819 irritum
1140 785 1179 819 et
1197 779 1361 820 alicuius
1381 781 1603 834 cupiditatis

172 835 343 888 speciem
359 836 445 876 sine
461 836 616 876 effectu.
652 843 736 877 tum
754 838 904 876 Aeacus
923 836 1033 876 iubet
1053 835 1161 875 illum
1183 837 1264 876 alea
1286 837 1421 877 ludere
1443 844 1604 891 pertuso

1633 779 1685 838 1οῇ·
1706 755 1710 814 Q

173 892 319 932 fritillo.
361 899 399 932 et
419 893 496 932 iam
519 901 706 946 coeperat
735 894 932 946 fugientes
961 905 1118 944 semper
1147 900 1315 935 tesseras
1344 907 1534 947 quaerere
1566 901 1605 936 et
1676 891 1707 955 ,Γ

173 949 270 989 nihil
289 951 506 1001 proficere:

379 1019 468 1046 nam
490 1008 674 1059 quotiens
696 1008 887 1048 missurus
908 1014 993 1047 erat
1012 1013 1224 1047 resonante
1244 1008 1391 1057 fritillo,
1411 1029 1414 1034 ·

376 1070 543 1116 utraque
563 1064 758 1105 subducto
779 1064 954 1117 fugiebat
973 1071 1119 1105 tessera
1141 1062 1277 1105 fundo.

378 1133 547 1173 cumque
569 1122 802 1162 recollectos
821 1121 983 1162 auderet
1003 1121 1159 1161 mittere
1179 1121 1290 1172 talos,

375 1178 512 1218 fusuro
534 1178 670 1219 similis
690 1191 846 1231 semper
866 1191 1102 1230 semperque
1122 1179 1286 1231 petenti,

377 1235 568 1287 decepere
590 1235 724 1275 tidem:
746 1236 891 1287 refugit
911 1236 1132 1288 digitosque
1153 1248 1226 1288 per
1245 1236 1352 1288 ipsos

377 1291 490 1331 fallax
510 1292 671 1333 adsiduo
693 1293 878 1332 dilabitur
898 1293 979 1333 alea
1001 1293 1119 1333 furto.

377 1349 433 1388 sic
454 1361 542 1389 cum
565 1350 641 1389 iam
662 1350 805 1390 summi
826 1356 1045 1402 tanguntur
1065 1349 1236 1390 culmina
1257 1349 1416 1398 montis,

375 1405 484 1445 irrita
506 1406 687 1459 Sisyphio
707 1406 917 1447 volvuntur
936 1406 1114 1459 pondera
1136 1406 1251 1446 collo.

171 1462 352 1514 apparuit
372 1462 502 1503 subito
525 1463 566 1504 C.
590 1463 731 1504 Caesar
751 1470 791 1503 et
819 1470 955 1515 petere
985 1463 1095 1503 illum
1125 1463 1165 1502 in
1197 1463 1422 1503 servitutem
1451 1461 1596 1514 coepit;

170 1519 354 1571 producit
373 1526 504 1567 testes,
529 1520 596 1573 qui
620 1517 762 1576 [illum]
784 1521 964 1560 viderant
984 1519 1032 1560 ab
1054 1520 1120 1560 illo
1142 1520 1294 1572 flagris,
1315 1518 1472 1567 ferulis,
1493 1518 1603 1558 cola-
1675 1510 1691 1543 '3

169 1575 258 1628 phis
287 1575 550 1628 vapulantem.
610 1577 856 1617 adiudicatur
886 1577 926 1617 C.
958 1577 1132 1626 Caesari;
1163 1576 1306 1617 Caesar
1336 1575 1443 1616 illum
1473 1575 1600 1615 Aeaco

168 1633 300 1672 donat.
345 1633 376 1673 is
393 1633 610 1674 Menandro
636 1633 778 1676 liberto
794 1646 866 1674 suo
883 1634 1052 1683 tradidit,
1069 1640 1113 1674 ut
1132 1646 1152 1673 a
1174 1631 1468 1686 cognitionibus
1487 1638 1599 1672 esset.
1720 1653 1722 1658 ·

286 1748 299 1781 1
326 1742 360 1779 ‘t'
389 1746 508 1790 deest}
531 1743 609 1788 λικη
634 1745 743 1781 ευθια
761 1747 773 1790 ss
791 1749 810 1781 5
836 1747 922 1780 sium
948 1746 1005 1780 diu
1034 1746 1177 1780 laturam
1209 1745 1369 1780 fecissent
1386 1745 1399 1789 ΙΙ
1418 1746 1456 1780 17
1483 1743 1598 1779 lusum
1674 1738 1681 1746 ”
