1728 2886
673 121 860 164 sA'rfflA‘E
1401 124 1481 162 105

98 265 103 271 2
138 246 211 286 'ter
239 250 424 286 extensos
444 245 573 298 porris
592 245 760 297 apioque
781 244 1003 292 lustrasset,
1034 241 1229 282 abellanas
1250 251 1371 281 nuces
1386 243 1480 280 lcum

58 308 90 356 gv·
110 302 284 343 ecatione
314 303 450 343 mersit
469 302 510 341 in
531 301 678 341 vinum.
718 306 756 340 et
776 300 855 340 sive
875 300 916 340 in
937 311 1132 340 summum
1154 298 1371 345 redierant,
1401 296 1478 337 sive

47 358 96 402 ἔζη
120 359 330 406 ederant,
353 371 399 398 ex
419 359 495 398 hoc
515 357 782 398 coniecturam
798 356 975 396 ducebat.
1007 367 1081 395 nec
1097 367 1158 395 me
1173 353 1328 394 fallebat
1341 354 1481 393 inanes

40 435 75 452 η.
104 415 209 456 ilicet
237 427 280 455 ac
311 415 395 455 sine
425 414 592 454 medulla
613 419 794 453 ventosas
815 425 937 453 nuces
957 412 997 451 in
1020 424 1172 452 summo
1194 422 1332 451 umore
1351 410 1482 450 consi-

49 480 71 510 J
96 483 174 520 ere,
195 483 331 524 graves
351 478 479 511 autem
502 476 541 510 et
561 470 697 522 plenas
717 469 873 519 integro
895 469 1023 508 fructu
1046 468 1093 507 ad
1115 468 1191 507 ima
1212 467 1355 507 deferri

762 540 783 563 *

59 628 63 631 ,
155 584 325 624 'recluso
357 589 514 636 pectore
545 582 709 622 extraxit
734 582 983 622 fartissimum
1007 581 1115 620 iecur
1136 586 1174 619 et
1192 579 1284 619 inde
1305 579 1403 618 mihi
1421 580 1481 618 fu·-

56 645 92 682 ,εἰ
125 652 146 680 3
176 640 377 692 praedixit.
437 639 577 686 immo,
608 651 659 679 ne
688 639 793 690 quod
823 637 1026 690 vestigium
1058 636 1217 676 sceleris
1246 641 1481 688 superesset,

57 702 186 738 otum
215 708 394 737 anserem
424 695 634 737 laceratum
655 695 827 735 verubus
848 694 1010 735 confixit
1029 693 1242 745 epulasque
1265 693 1380 732 etiam
1400 692 1483 731 lau-

51 758 119 794 t'as
138 753 254 806 paulo
275 759 377 801 ante,
401 759 443 793 ut
463 753 546 805 ipsa
566 751 731 800 dicebat,
752 752 929 804 perituro
950 750 1109 803 paravit.

171 876 355 917 volabant
375 877 478 917 inter
499 877 594 917 haec
615 876 796 928 potiones
817 887 993 915 meracae

766 947 786 970 *

35 1021 38 1023 Α
172 990 322 1042 profert
342 989 544 1029 Oenothea
573 994 769 1029 scorteum
801 988 1016 1035 fascinum,
1048 986 1152 1038 quod
1183 991 1226 1025 ut
1246 985 1331 1025 oleo
1354 990 1393 1024 et
1411 984 1483 1024 mi-

187 1047 322 1099 pipere
353 1051 470 1097 atque
500 1045 648 1085 urticae
679 1046 770 1085 trito
801 1043 1058 1085 circumdedit
1087 1042 1255 1089 semine,
1294 1042 1482 1094 paulatim

11 1103 190 1165 32coepit
209 1103 383 1143 inserere
404 1114 479 1142 ano
501 1114 602 1141 meo.
963 1104 966 1106 '

11 1211 51 1277 3'
173 1216 249 1255 hoc
279 1215 543 1255 crudelissima
573 1226 672 1254 anus
702 1214 850 1266 spargit
879 1212 1046 1253 subinde
1077 1223 1213 1253 umore
1235 1211 1380 1251 femina
1400 1222 1484 1250 mea

762 1285 782 1308 *

26 1364 30 1377 ,.
171 1329 357 1368 nasturcii
387 1340 524 1368 sucum
556 1339 645 1367 cum
675 1326 897 1367 habrotono
929 1327 1064 1367 miscet
1084 1324 1332 1378 perfusisque
1351 1324 1484 1375 ingui-

11 1383 175 1440 'finibus
196 1385 294 1425 meis
315 1385 445 1425 viridis
466 1385 612 1424 urticae
643 1384 789 1424 fascem
819 1383 1120 1435 comprehendit
1152 1381 1361 1433 omniaque
1382 1380 1482 1420 infra

11 1440 284 1497 qumhilicum
299 1441 436 1494 coepit
456 1441 558 1482 lenta
579 1453 697 1480 manu
725 1439 888 1480 caedere

761 1523 781 1545 *

36 1612 44 1626 ,,
172 1576 349 1616 aniculae
379 1575 554 1627 quamvis
582 1575 731 1616 solutae
760 1587 869 1614 mero
891 1587 936 1614 ac
957 1573 1119 1614 libidine
1141 1578 1290 1619 essent,
1322 1571 1483 1611 eandem

43 1632 159 1679 <viam
190 1638 344 1672 tentant
373 1639 412 1672 et
442 1643 513 1684 per
534 1631 682 1684 aliquot
701 1631 806 1672 vicos
826 1637 982 1672 secutae
1003 1631 1217 1682 fugientem
1238 1628 1402 1682 ‘prende
1423 1628 1483 1667 fu-

43 1686 157 1731 srem’
190 1689 369 1729 clamant.
429 1688 529 1728 evasi
565 1686 695 1728 ta'men
728 1687 911 1728 omnibus
940 1687 1068 1740 digitis
1099 1687 1202 1726 inter
1231 1684 1485 1738 praecipitem

11 1752 15 1792 ξ
42 1744 269 1786 'decursum
291 1745 507 1786 cruentatis

10 1803 34 1818 -’·
54 1805 57 1808 “
763 1800 783 1821 *

10 1889 21 1915 ,¹
44 1895 65 1915 ,:
175 1857 356 1910 ‘Chrysis,
378 1870 476 1910 quae
497 1858 671 1910 priorem
692 1858 890 1897 fortunam
911 1863 1017 1896 tuam
1034 1856 1180 1903 oderat,
1203 1855 1305 1895 hanc
1321 1854 1379 1894 vel
1395 1866 1485 1894 cum

10 1912 238 1968 ‘'Jpericulo
258 1914 395 1967 capitis
417 1914 599 1967 persequi
621 1913 800 1954 destinat’

763 1996 784 2019 *

19 2076 27 2094 ,,-
177 2048 284 2101 ‘quid
298 2049 396 2089 huic
416 2051 564 2089 formae
585 2055 651 2089 aut
666 2048 836 2088 Ariadne
856 2047 993 2088 habuit
1012 2053 1080 2087 aut
1095 2046 1196 2087 Leda
1218 2045 1373 2087 simile?
1394 2045 1488 2098 quid

35 2107 201 2167 x[contra
230 2106 332 2146 hanc
363 2106 531 2154 Helene,
571 2106 664 2158 quid
696 2105 826 2146 Venus
857 2103 1016 2157 posset?
1055 2104 1137 2156 ipse
1170 2103 1294 2151 Paris,
1325 2103 1493 2143 dearum

19 2159 297 2219 {glitigantium
329 2163 462 2210 iudex,
494 2163 526 2203 si
556 2163 656 2202 hanc
687 2163 727 2202 in
759 2161 1053 2214 comparatione
1084 2160 1240 2201 vidisset
1267 2165 1487 2212 tamvpetu-

7 2212 242 2277 ³33-glantihus-
257 2219 399 2268 oculis,
422 2225 460 2259 et
481 2219 658 2259 Helenen
681 2218 771 2258 huic
791 2219 976 2258 donasset
997 2223 1036 2258 et
1055 2217 1158 2257 deas.
1189 2217 1323 2257 saltem
1345 2216 1379 2256 si
1397 2228 1486 2269 per-

16 2274 286 2332 ?{g-mitteretur
316 2276 492 2316 osculum
521 2285 684 2328 capere,
715 2275 746 2316 si
777 2274 870 2315 illud
900 2275 1066 2315 caeleste
1091 2286 1136 2313 ac
1157 2273 1329 2313 divinum
1350 2279 1489 2325 pectus

184 2444 199 2476 1
226 2442 399 2476 avellanas
416 2442 429 2486 ΙΙ
447 2443 466 2476 3
492 2442 554 2481 hac
578 2442 770 2476 coniectura
796 2441 946 2475 dicebat:
976 2441 1218 2476 Wouwerium
1247 2443 1384 2474 secutus
1408 2443 1491 2473 ante

71 2484 167 2519 edidi
189 2487 339 2522 coniecta
363 2486 498 2521 dicebat
522 2488 571 2529 54
595 2487 726 2521 scilicet
750 2487 823 2520 sine
848 2486 994 2520 medulla
1021 2490 1056 2519 et
1078 2489 1097 2521 5
1121 2486 1253 2529 integro
1278 2485 1389 2520 fructu
1413 2485 1492 2519 tolli

72 2531 176 2565 heeft
197 2532 412 2576 Sogebadim
438 2533 451 2576 ΙΙ
479 2534 505 2568 6
526 2532 744 2566 fortissimum
773 2531 786 2574 ΙΙ
816 2533 857 2566 14
882 2533 948 2565 hoe
971 2531 1166 2572 frustulum
1191 2532 1311 2564 dubito
1335 2541 1382 2564 an
1407 2531 1492 2564 olim

73 2618 256 2657 muntium

1518 985 1599 1026 138

72 2572 185 2615 hume
204 2579 299 2611 inter
321 2578 442 2612 miscet
464 2581 499 2611 σε
522 2578 668 2621 perfusis
695 2578 735 2611 15
755 2578 913 2620 positum
930 2577 943 2621 ΙΙ
963 2579 1004 2612 19
1029 2579 1146 2612 tenent
1170 2578 1306 2611 conieci
1319 2575 1332 2621 ΙΙ
1352 2577 1394 2611 26
1418 2576 1494 2610 libi·
1532 2574 1544 2581 ³
