1728 2886
254 133 307 172 90

867 136 1071 172 PETRONII

457 250 565 302 ipsae
584 250 662 290 iam
684 251 811 292 nubes
831 259 970 305 ruptae
990 266 1112 306 super
1131 266 1238 294 arma
1260 255 1465 307 cadebant,

378 313 434 346 200
455 312 494 346 et
514 314 701 348 concreta
722 309 812 360 gelu
834 310 947 362 ponti
969 311 1073 350 velut
1093 312 1195 351 unda
1215 311 1366 352 ruebat.

456 363 554 404 victa
576 371 661 404 erat
681 365 835 417 ingenti
855 367 973 407 tellus
993 367 1083 407 nive
1103 368 1282 420 victaque
1302 370 1399 410 caeli

457 420 598 470 sidera,
618 421 716 461 victa
737 423 819 463 suis
839 423 1042 464 haerentia
1061 425 1224 465 flumina
1244 426 1362 478 ripis;

456 478 635 517 nondum
656 478 798 520 Caesar
817 486 912 530 erat,
933 482 1001 521 sed
1022 494 1204 533 magnam
1226 483 1343 523 nixus
1362 483 1402 523 in
1425 483 1575 525 hastam

454 533 614 574 horrida
635 537 786 577 securis
806 537 1014 590 frangebat
1034 539 1235 590 gressibus
1256 552 1358 588 arva,

371 595 428 628 205
448 591 574 641 qualis
595 592 788 633 Caucasea
819 594 1036 637 decurrens
1055 596 1201 636 arduus
1221 609 1311 636 arce

454 648 839 702 Amphitryoniades,
859 656 927 690 aut
946 657 1058 691 torvo
1079 652 1258 705 Iuppiter
1278 666 1359 701 ore,

454 717 544 744 cum
565 718 608 745 se
629 707 840 747 verticibus
859 708 992 760 magni
1014 709 1170 749 demisit
1190 709 1346 762 Olympi

453 767 491 800 et
510 762 779 814 periturorum
802 764 954 804 disiecit
972 765 1049 804 tela
1068 765 1292 817 Gigantum.

521 818 615 858 dum
633 819 775 860 Caesar
794 821 963 862 tumidas
983 821 1106 862 iratus
1126 823 1311 875 deprimit
1331 835 1454 871 arces,

371 880 431 913 210
452 874 602 915 interea
622 877 794 917 volucris
813 878 930 918 motis
950 879 1164 919 conterrita
1186 880 1330 932 pennis

453 930 572 972 Fama
594 934 697 973 volat
715 935 939 987 summique
960 936 1059 988 petit
1079 937 1168 988 iuga
1189 937 1293 977 celsa
1314 937 1435 977 Palati

451 993 569 1051 atque
589 990 665 1030 hoc
686 990 866 1032 Romano
886 993 1038 1032 tonitru
1058 993 1150 1033 ferit
1169 994 1300 1034 omnia
1318 994 1450 1044 signa:

451 1044 527 1084 iam
549 1047 692 1087 classes
711 1049 865 1088 fluitare
886 1049 984 1089 mari
1002 1054 1184 1102 totasque
1205 1063 1278 1102 per
1297 1051 1415 1103 Alpes

452 1102 605 1143 fervere
625 1103 823 1145 Germano
844 1107 1025 1158 perfusas
1046 1107 1239 1158 sanguine
1261 1114 1423 1147 turmas.

368 1163 426 1197 215
446 1170 565 1210 arma,
587 1173 719 1210 cruor,
741 1163 891 1211 caedes,
912 1163 1095 1203 incendia
1115 1170 1275 1216 totaque
1295 1164 1396 1204 bella

449 1222 540 1256 ante
563 1218 700 1258 oculos
719 1219 894 1259 volitant.
936 1233 1030 1272 ergo
1051 1221 1203 1272 pulsata
1224 1221 1395 1261 tumultu

449 1280 610 1324 pectora
632 1287 784 1327 perque
805 1276 901 1317 duas
920 1277 1159 1317 scinduntur
1178 1278 1316 1317 territa
1337 1290 1485 1318 causas.

449 1330 541 1370 huic
562 1332 654 1383 suga
675 1345 747 1384 per
766 1339 904 1381 terras,
925 1333 980 1373 illi
1000 1334 1124 1386 magis
1144 1335 1249 1374 unda
1272 1334 1465 1387 probatur

449 1392 488 1426 et
508 1388 632 1439 patria
654 1395 802 1442 pontus
822 1390 896 1429 iam
916 1391 1051 1430 tutior,
1093 1397 1153 1431 est
1173 1392 1297 1443 magis
1316 1403 1424 1431 arma

366 1448 423 1482 220
443 1444 510 1494 qui
530 1450 725 1497 temptare
744 1446 836 1486 velit
855 1447 1022 1499 fatisque
1043 1447 1272 1488 iubentibus
1292 1449 1362 1488 uti.

451 1507 642 1552 quantum
664 1502 832 1554 quisque
853 1504 977 1552 timet,
998 1510 1151 1544 tantum
1173 1505 1285 1557 sugit.
1326 1505 1436 1545 ocior
1456 1505 1541 1558 ipse

449 1557 520 1597 hos
540 1558 647 1598 inter
665 1566 796 1599 motus
816 1560 1000 1612 populus,
1021 1561 1244 1601 miserabile
1264 1562 1362 1610 visu,

450 1626 528 1665 quo
549 1627 664 1656 mens
685 1616 760 1656 icta
781 1616 905 1666 iubet,
926 1618 1079 1657 deserta
1101 1618 1260 1658 ducitur
1278 1618 1390 1659 urbe.

448 1671 595 1722 gaudet
613 1672 738 1713 Roma
759 1674 863 1725 fuga,
884 1647 1145 1727 debellatique
1167 1675 1341 1722 Quirites

366 1733 423 1766 225
443 1729 616 1769 rumoris
636 1730 770 1770 sonitu
791 1731 1006 1770 maerentia
1028 1738 1130 1771 tecta
1151 1732 1397 1784 relinquunt.

448 1784 512 1824 ille
533 1797 651 1826 manu
672 1787 808 1838 pavida
833 1793 945 1827 natos
965 1793 1086 1836 tenet,
1107 1789 1171 1829 ille
1192 1794 1357 1841 penates

448 1842 621 1882 occultat
639 1843 790 1894 gremio
813 1843 1141 1896 deploratumque
1162 1846 1351 1897 relinquit

446 1897 565 1938 limen
588 1905 627 1939 et
647 1900 850 1940 absentem
872 1901 970 1941 votis
990 1901 1178 1941 interficit
1196 1902 1363 1942 hostem.

446 1961 541 1997 sunt
561 1956 629 2008 qui
649 1957 887 2008 coniugibus
906 1958 1121 1998 maerentia
1141 1964 1301 2011 pectora
1322 1959 1503 2012 iungant,

365 2017 422 2050 230
441 2012 765 2065 grandaevosque
786 2021 919 2066 patres
939 2015 1152 2067 onerisque
1173 2016 1308 2066 ignara
1330 2016 1511 2058 iuventus

447 2069 484 2108 id
505 2081 579 2121 pro
602 2083 680 2122 quo
701 2071 856 2118 metuit,
877 2077 1029 2111 tantum
1051 2072 1182 2111 trahit.
1223 2072 1355 2112 omnia
1376 2085 1512 2114 secum

446 2125 510 2165 hic
529 2127 634 2166 vehit
653 2127 884 2179 imprudens
905 2128 1168 2180 praedamque
1189 2129 1229 2168 in
1252 2129 1401 2181 proelia
1423 2130 1552 2171 ducit:

443 2194 488 2222 ac
509 2183 614 2223 velut
635 2196 683 2223 ex
703 2184 782 2223 alto
804 2196 894 2224 cum
914 2197 1083 2236 magnus
1104 2185 1305 2226 inhorruit
1325 2192 1458 2227 auster

450 2245 488 2278 et
509 2240 642 2291 pulsas
662 2241 800 2280 evertit
819 2252 953 2292 aquas,
976 2254 1057 2281 non
1080 2254 1184 2282 arma
1205 2243 1407 2292 ministris,

364 2301 421 2334 235
442 2308 524 2335 non
546 2297 723 2349 regimen
746 2297 922 2349 prodest,
944 2298 1037 2350 ligat
1058 2298 1157 2338 alter
1176 2299 1354 2351 pondera
1375 2300 1508 2352 pinus,

444 2352 542 2392 alter
562 2359 646 2394 tuta
667 2354 778 2394 sinus
799 2355 1088 2407 tranquillaque
1108 2355 1224 2395 litora
1246 2357 1418 2408 quaerit:

354 2465 420 2498 200
444 2464 561 2498 umbra
589 2465 616 2498 0
633 2465 645 2509 ΙΙ
664 2466 729 2500 208
755 2465 880 2500 deiecit
898 2465 911 2510 ΙΙ
928 2467 994 2501 210
1011 2466 1150 2500 volucer
1167 2466 1180 2511 ΙΙ
1197 2468 1263 2502 212
1279 2466 1452 2502 Romanos
1462 2427 1699 2506 Bonam-ius}—

239 2552 333 2587 ocior
356 2554 432 2597 ipso
457 2554 668 2590 Moesslerus
695 2556 708 2600 ΙΙ
737 2557 804 2591 229
829 2557 969 2600 pignora
995 2557 1248 2601 stewechiusn
1274 2559 1340 2592 230
1364 2561 1501 2592 conieci
1523 2569 1645 2603 parens

238 2598 364 2632 umeris
402 2599 468 2633 fert
503 2611 613 2644 gnava
639 2603 766 2635 Iunius
802 2605 837 2635 et
861 2603 1042 2637 Vahlenm
1071 2603 1084 2647 ΙΙ
1117 2605 1184 2638 234
1218 2557 1391 2647 ziiagistris
1416 2603 1645 2639 Colladonim

239 2645 304 2678 236
329 2643 405 2678 sinu

240 2518 309 2550 quo
331 2511 483 2551 probato
510 2513 682 2554 temptavi
705 2511 804 2545 obvia
839 2511 852 2555 ΙΙ
884 2512 948 2546 221
981 2515 1064 2545 ante
1095 2513 1158 2546 231
1186 2512 1369 2547 Valzlenus
1396 2515 1523 2557 posuit
1553 2513 1560 2558 Ι
1592 2511 1700 2664 fugi}
