1728 2886
691 135 876 170 SATlRAE
1439 135 1491 172 41

29 257 153 294 trem
175 251 348 291 Terentii
370 251 553 302 coponis:
583 251 778 290 noveratis
798 250 990 291 Melissam
1011 250 1281 298 Tarentinam,
1312 250 1494 302 pulcher-

71 308 213 350 timum
243 307 510 347 bacciballum.
550 307 617 347 sed
645 319 718 358 ego
739 319 819 346 non
842 307 1086 347 mehercules
1115 307 1368 360 corporaliter
1388 306 1495 346 illam

70 371 138 407 ant
163 370 326 417 propter
355 376 418 404 res
445 363 622 404 venerias
650 363 800 411 curavi,
831 364 896 403 sed
927 364 1049 415 magis
1078 364 1184 415 quod
1215 364 1316 404 bene
1347 370 1493 403 morata

69 421 154 461 fnit.
193 421 226 460 si
253 420 347 472 quid
374 420 422 460 ab
443 420 506 460 illa
524 420 637 472 petii,
669 432 872 471 nunquam
892 421 987 459 mihi
1009 427 1214 471 negatum;
1245 421 1338 460 fecit
1356 432 1493 467 assem,

23 487 46 521 a
69 477 268 518 semissem
290 477 426 526 babui;
455 477 629 530 quicquid
645 476 780 524 habui,
810 476 850 515 in
871 476 976 516 illius
995 477 1126 516 sinum
1147 478 1393 525 demandavi,
1422 489 1496 516 nec

72 545 244 586 unquam
268 534 449 574 fefellitus
468 545 566 574 sum.
606 533 722 573 huius
741 533 1035 573 contubernalis
1055 534 1101 572 ad
1121 533 1247 572 villam
1268 546 1495 586 supremum

23 591 33 597 '⁷
71 589 174 630 diem
205 590 312 629 obiit.
353 590 483 642 itaque
510 602 583 642 per
611 596 765 630 scutum
794 601 867 641 per
896 602 1050 629 ocream
1072 602 1144 642 ego
1165 590 1335 641 aginavi,
1359 602 1493 642 quem-

71 646 280 686 admodum
308 647 356 686 ad
386 647 488 686 illam
509 647 774 699 pervenirem:
805 649 908 686 scitis
927 652 1079 693 autem,
1112 647 1150 686 in
1172 647 1364 698 angustiis
1382 646 1494 686 amici

71 709 274 756 apparent.
314 705 413 743 forte
443 703 624 743 dominus
644 703 813 755 Capuam
845 704 989 743 exierat
1018 703 1066 742 ad
1094 709 1225 743 scruta
1253 703 1348 743 scita
1377 715 1495 755 expe·
1509 702 1561 743 62

69 759 223 801 dienda.
282 766 419 800 nactus
449 772 521 811 ego
551 760 795 800 occasionem
835 760 1050 812 persuadeo
1079 760 1271 811 hospitem
1305 766 1494 807 nostrum,

73 822 116 855 ut
152 828 305 856 mecum
344 816 390 855 ad
430 817 609 868 quintum
646 816 853 856 miliarium
891 817 1032 856 veniat.
1092 823 1176 855 erat
1212 822 1340 856 autem
1371 816 1496 863 miles,

73 873 183 912 fortis
202 879 386 924 tanquam
409 874 547 913 Orcus.
587 873 840 925 apoculamus
861 886 934 913 nos
954 874 1058 912 circa
1077 873 1291 925 gallicinia,
1323 874 1414 912 luna
1436 873 1495 912 lu-

71 928 183 968 cebat
212 935 398 980 tanquam
425 930 599 969 meridie,
639 930 816 969 venimus
836 930 938 969 intra
959 930 1218 969 monimenta:
1250 931 1366 969 homo
1387 941 1497 969 meus

71 985 202 1037 coepit
221 984 267 1024 ad
287 985 401 1025 stelas
421 986 569 1033 facere,
598 986 715 1025 sedeo
737 998 810 1038 ego
832 986 1103 1026 cantabundus
1123 993 1162 1026 et
1181 987 1296 1026 stelas
1319 999 1496 1026 numero.

70 1040 209 1081 deinde
239 1047 282 1081 ut
310 1042 463 1094 respexi
484 1043 529 1081 ad
551 1042 752 1091 comitem,
784 1042 847 1082 ille
868 1043 974 1082 exuit
993 1055 1035 1082 se
1057 1049 1095 1082 et
1116 1043 1247 1082 omnia
1266 1043 1497 1083 vestimenta

69 1098 286 1138 secundum
315 1098 413 1137 viam
443 1099 583 1150 posuit.
624 1099 718 1138 mihi
748 1099 875 1138 anima
905 1099 944 1138 in
978 1111 1073 1139 naso
1104 1111 1207 1147 esse,
1238 1099 1385 1139 stabam
1410 1105 1495 1138 tan-

73 1165 188 1206 quam
219 1161 406 1195 mortuus.
464 1161 504 1194 at
532 1155 595 1194 ille
625 1155 913 1195 circumminxit
936 1156 1171 1195 vestimenta
1199 1168 1268 1195 sua
1298 1162 1338 1195 et
1366 1155 1496 1196 subito

73 1211 187 1264 lupus
217 1212 340 1251 factus
371 1217 440 1251 est.
482 1212 603 1251 nolite
632 1224 694 1252 me
723 1212 843 1251 iocari
873 1218 1031 1264 putare;
1062 1218 1106 1251 ut
1135 1213 1321 1261 mentiar,
1353 1212 1498 1263 nullius

72 1267 347 1320 patrimonium
367 1268 464 1308 tanti
485 1268 597 1308 facio.
637 1269 724 1318 sed,
755 1269 859 1320 quod
881 1281 1088 1321 coeperam
1108 1269 1258 1318 dicere,
1290 1275 1497 1321 postquam

72 1323 186 1376 lupus
215 1324 338 1364 factus
367 1330 445 1372 est,
476 1325 626 1364 ululare
656 1326 785 1377 coepit
815 1331 853 1365 et
878 1325 918 1365 in
940 1325 1053 1365 silvas
1073 1326 1182 1377 sugit.
1223 1338 1296 1378 ego
1318 1326 1498 1378 primitus

74 1380 291 1420 nesciebam
323 1380 389 1420 ubi
419 1393 564 1429 essem,
595 1382 735 1421 deinde
765 1382 931 1430 accessi,
963 1387 1007 1421 ut
1034 1382 1261 1422 vestimenta
1283 1383 1367 1422 eius
1386 1382 1498 1422 tolle-

74 1448 175 1478 rem:
204 1437 268 1476 illa
297 1444 424 1477 autem
456 1438 605 1490 lapidea
635 1439 734 1477 facta
763 1444 866 1478 sunt.
908 1438 974 1490 qui
1004 1439 1105 1478 mori
1134 1439 1274 1478 timore
1301 1439 1375 1479 nisi
1396 1437 1497 1490 ego?

73 1492 240 1544 gladium
262 1499 392 1533 tamen
414 1495 552 1534 strinxi
573 1501 612 1534 et
631 1494 672 1533 in
695 1500 772 1534 tota
791 1495 851 1534 via
872 1494 1030 1535 umbras
1051 1494 1195 1548 cecidis,
1214 1495 1341 1534 donec
1361 1495 1408 1534 ad
1430 1495 1498 1534 vil-

76 1549 150 1588 lam
179 1550 323 1589 amicae
353 1562 460 1590 meae
490 1551 746 1602 pervenirem.
786 1556 831 1591 ut
858 1551 966 1590 larua
995 1551 1154 1599 intravi,
1185 1564 1311 1603 paene
1331 1552 1499 1591 animam

75 1605 252 1653 ebullivi,
272 1606 393 1645 sudor
412 1607 505 1646 mihi
527 1619 597 1659 per
617 1606 813 1647 bifurcum
834 1607 1003 1657 volabat,
1033 1608 1134 1647 oculi
1155 1609 1320 1656 mortui,
1341 1608 1403 1648 vix
1423 1621 1498 1648 un-

76 1673 191 1714 quam
221 1663 391 1703 refectus
419 1675 518 1703 sum.
558 1663 709 1703 Melissa
730 1676 815 1703 mea
835 1664 966 1704 mirari
997 1664 1145 1716 coepit,
1177 1665 1282 1716 quod
1302 1670 1380 1704 tam
1411 1677 1499 1704 sero

77 1718 335 1766 ambularem,
368 1725 405 1759 et
425 1720 484 1759 “si
503 1720 620 1759 ante'’
640 1720 768 1771 inquit
789 1721 1007 1769 “venisses‚
1038 1721 1174 1761 saltem
1196 1721 1310 1761 nobis
1329 1721 1499 1764 adiutas-

77 1786 160 1823 ses3
191 1774 306 1827 lupus
336 1777 439 1815 enim
469 1776 595 1815 villam
625 1776 781 1816 intravit
810 1783 849 1816 et
879 1777 1009 1816 omnia
1039 1789 1181 1829 pecora
1207 1778 1388 1830 perculit,
1412 1784 1498 1817 tan-

77 1842 192 1883 quam
222 1830 348 1871 lanius
377 1833 607 1884 sanguinem
639 1832 713 1872 illis
742 1833 858 1872 misit.
899 1846 973 1873 nec
992 1838 1120 1873 tamen
1144 1834 1298 1883 derisit,
1329 1835 1443 1874 etiam
1467 1835 1498 1874 si

75 1887 193 1940 fugin
223 1899 356 1928 servus
387 1889 491 1928 enim
524 1895 659 1929 noster
688 1889 820 1929 lancea
842 1889 984 1930 collum
1006 1890 1091 1930 eius
1110 1890 1299 1930 traiecit''.
1339 1892 1435 1931 haec
1456 1898 1500 1930 ut

74 1942 220 1992 audivi,
241 1944 396 1996 operire
416 1944 551 1985 oculos
580 1946 746 1999 amplius
767 1958 848 1986 non
871 1947 994 1998 potui,
1015 1948 1080 1986 sed
1103 1947 1190 1987 luce
1211 1948 1315 1987 clara
1336 1948 1404 1987 Gai
1427 1960 1498 1987 no—

73 1999 146 2039 stri
173 1999 332 2040 domum
354 2001 434 2053 fugi
454 2007 639 2054 tanquam
660 2014 760 2054 copo
782 2003 1033 2055 compilatus,
1065 2009 1103 2043 et
1122 2010 1327 2056 postquam
1349 2004 1437 2043 veni
1458 2004 1499 2043 in

76 2055 183 2096 illum
213 2057 360 2105 locum,
391 2058 430 2097 in
453 2070 531 2110 quo
552 2059 700 2111 lapidea
721 2059 946 2099 vestimenta
968 2066 1080 2099 erant
1099 2060 1220 2109 facta,
1251 2061 1347 2100 nibil
1368 2060 1498 2100 inveni

78 2112 151 2153 n‘ui
188 2114 432 2166 sanguinem.
473 2120 518 2154 ut
544 2127 637 2155 vero
667 2116 827 2155 domum
856 2117 964 2164 veni,
1002 2116 1150 2156 iacebat
1179 2117 1290 2157 miles
1318 2129 1429 2157 meus
1457 2117 1497 2156 in

74 2168 175 2210 lecto
204 2176 388 2222 tanquam
416 2171 545 2219 bovis,
577 2178 615 2212 et
635 2172 777 2211 collum
799 2172 901 2212 illius
921 2173 1094 2213 medicus
1114 2173 1287 2213 curabat.
1329 2173 1500 2214 intellexi

76 2224 184 2266 illum
203 2227 442 2279 versipellem
463 2240 568 2276 esse,
591 2241 664 2268 nec
684 2235 818 2281 postea
839 2241 927 2268 cum
950 2229 1015 2269 illo
1036 2242 1178 2281 panem
1200 2237 1356 2282 gustare
1377 2230 1499 2283 potui,

78 2289 157 2324 non
187 2283 220 2323 si
250 2295 311 2323 me
346 2284 566 2324 occidisses.
607 2285 774 2325 viderint
809 2285 872 2325 alii
903 2286 995 2337 quid
1025 2287 1072 2325 de
1103 2286 1179 2326 hoc
1209 2287 1499 2340 exopinissent3

74 2349 150 2391 ago
169 2339 201 2380 si
220 2339 408 2389 mentior,
431 2343 567 2393 genios
586 2348 736 2382 vestros
754 2343 874 2382 iratos
894 2342 1080 2382 habeam!

190 2452 210 2486 2
235 2451 338 2493 illam]
364 2455 475 2486 autem
497 2454 510 2496 11
534 2453 554 2485 3
579 2452 666 2486 bene
690 2454 813 2487 moriar
835 2453 848 2496 ss
873 2455 894 2487 4
918 2456 1011 2486 certe
1035 2454 1176 2496 quidem
1207 2457 1259 2487 est
1281 2456 1392 2497 periit
1419 2459 1502 2498 post

79 2499 235 2540 negatum
258 2496 271 2541 11
295 2498 316 2531 6
339 2497 461 2531 fefellit
483 2507 581 2531 usum
606 2498 806 2540 Seli-efferus
831 2500 843 2542 11
867 2501 885 2532 7
913 2499 966 2541 egi
992 2499 1125 2542 aginavi
1145 2499 1193 2542 119
1218 2505 1325 2543 capue
1342 2500 1354 2543 11
1374 2502 1416 2534 14
1441 2501 1500 2533 sed

79 2550 143 2585 ego
169 2540 183 2587 Ι
215 2543 256 2577 16
280 2542 359 2576 mihi
384 2543 418 2575 in
443 2542 554 2576 animo
587 2543 620 2576 in
646 2553 728 2577 naso
757 2543 770 2587 11
800 2545 842 2579 23
868 2547 902 2577 et
925 2543 1084 2577 matavita
1112 2547 1167 2578 tau
1192 2546 1327 2579 umbras
1357 2544 1370 2589 11
1398 2546 1441 2579 24
1465 2546 1500 2578 ὶη

80 2586 204 2666 mam
234 2589 247 2630 1
271 2589 315 2640 ‚²⁵
338 2587 473 2666 colqbat
496 2587 678 2622 nemetim
703 2587 717 2633 11
749 2591 789 2624 31
816 2589 888 2630 Gai]
915 2589 977 2622 hac
1006 2589 1019 2629 ll
1044 2591 1086 2624 37
1119 2589 1263 2623 viderint
1288 2590 1344 2634 qui
1371 2590 1434 2624 boc
1457 2590 1499 2624 de

114 2641 124 2665 ι
184 2642 396 2677 exopimssen
