1728 2886
179 120 234 160 82
796 121 972 157 PETRON
974 121 1000 156 11

180 238 304 279 monii
320 238 382 278 sui
397 237 571 277 rationes
586 236 769 288 inspexit,
786 249 928 288 nempe
945 237 1046 276 diem
1064 237 1194 285 etiam,
1217 250 1295 289 quo
1311 244 1501 279 venturus
1515 245 1618 280 esset
1636 251 1667 284 l,

182 296 223 335 in
243 295 409 348 patriam
423 325 432 342 ,
453 293 586 332 animo
607 305 680 333 suo
701 293 796 332 fixit.
838 293 890 333 dii
912 294 1105 345 deaeque,
1129 306 1245 346 quam
1266 294 1384 347 longe
1405 308 1426 335 a
1447 295 1620 336 destina-

182 353 292 392 tione
314 363 383 392 sua
404 351 514 390 iacet.
555 349 624 390 sed
647 362 728 389 non
750 350 832 389 sola
853 351 1084 390 mortalibus
1105 351 1224 390 maria
1247 351 1348 392 hanc
1368 352 1485 392 fidem
1506 364 1621 405 prae-

184 414 300 449 stant.
332 408 442 447 illum
464 406 675 446 bellantem
696 418 802 446 arma
824 407 1039 459 decipiunt,
1061 407 1169 447 illum
1192 407 1266 448 diis
1285 414 1370 448 vota
1391 409 1620 449 reddentem

183 465 387 518 penatium
418 476 581 505 suorum
610 464 724 503 ruina
755 464 905 516 sepelit.
946 464 1010 504 ille
1041 465 1219 504 vehiculo
1249 465 1383 517 lapsus
1402 477 1621 518 properan-
1654 475 1674 507 5

183 529 263 562 tem
294 521 476 574 spiritum
508 521 699 568 excussit,
730 520 842 561 cibus
872 521 1025 560 avidum
1053 522 1328 573 strangulavit,
1359 521 1624 563 abstinentem

184 579 399 631 frugalitas.
439 578 470 618 si
502 577 605 617 bene
636 577 828 617 calculum
858 590 1004 630 ponas,
1037 578 1184 630 ubique
1206 579 1454 631 naufragium
1476 584 1546 619 est.
1586 585 1626 619 at

187 636 293 676 enim
322 635 508 675 fluctibus
539 635 680 674 obruto
713 647 793 673 non
824 635 1019 687 contingit
1038 636 1252 687 sepultura.
1293 642 1479 688 tanquam
1500 636 1625 676 inter-

186 693 256 742 sit,
287 692 511 745 periturum
542 704 689 743 corpus
719 703 820 742 quae
841 691 939 730 ratio
960 698 1188 740 consumat,
1219 692 1323 744 ignis
1343 705 1389 732 an
1413 693 1556 733 fluctus
1575 704 1624 732 an

186 762 310 789 mora.
352 748 541 800 quicquid
562 748 725 795 seceris,
758 748 890 787 omnia
910 748 1006 788 haec
1027 749 1166 788 eodem
1187 754 1351 788 ventura
1372 755 1478 789 sunt.
1520 749 1624 789 ferae
1652 753 1689 788 10

186 812 319 846 tamen
342 817 488 857 corpus
508 804 755 844 lacerabunt.
796 810 983 856 tanquam
1004 805 1144 845 melius
1164 805 1267 858 ignis
1287 806 1474 858 accipiat3
1505 806 1626 846 immo

189 864 292 903 hanc
312 874 481 915 poenam
503 861 770 914 gravissimam
791 862 1008 909 credimus,
1038 862 1104 902 ubi
1127 862 1246 902 servis
1266 862 1486 903 irascimur.
1527 874 1628 915 quae

189 932 285 972 ergo
306 919 502 1005 deffemia
524 925 603 967 est,
627 919 760 958 omnia
781 918 930 967 facere,
958 931 1008 958 ne
1029 919 1122 971 quid
1144 919 1192 959 de
1214 919 1330 960 nobis
1349 920 1548 972 relinquat
1567 931 1629 959 se-

187 977 346 1029 pultura
363 976 389 1015 .'

901 1030 923 1053 *

306 1096 344 1129 et
358 1089 518 1128 Licham
540 1088 697 1140 quidem
719 1100 839 1139 rogus
859 1089 1028 1129 inimicis
1049 1089 1215 1130 collatus
1235 1089 1417 1129 manibus
1438 1088 1629 1129 adolebat.
1661 1093 1694 1127 15

191 1146 411 1198 Eumolpus
432 1151 560 1184 autem
583 1145 675 1184 dum
698 1145 940 1197 epigramma
961 1153 1118 1185 mortuo
1140 1146 1251 1194 facit,
1274 1146 1410 1187 oculos
1431 1146 1479 1186 ad
1500 1158 1630 1186 arces-

191 1204 337 1244 sendos
358 1215 499 1243 sensus
519 1202 677 1253 longius
697 1202 815 1241 mittit

904 1257 925 1280 *

79 1307 159 1348 116
307 1316 383 1355 hoc
404 1321 563 1367 peracto
584 1314 755 1354 libenter
776 1315 906 1354 officio
928 1315 1165 1355 destinatum
1182 1316 1381 1368 carpimus
1396 1315 1472 1356 iter
1486 1327 1531 1355 ac
1547 1327 1632 1355 mo-

194 1379 331 1413 mento
353 1372 541 1424 temporis
563 1372 602 1410 in
626 1378 800 1411 montem
822 1372 1009 1412 sudantes
1030 1373 1345 1419 conscendimus,
1367 1385 1414 1412 ex
1434 1385 1514 1424 quo
1530 1371 1632 1412 haud

194 1430 335 1483 procul
374 1429 601 1481 impositum
638 1441 727 1468 arce
758 1428 916 1468 sublimi
947 1429 1135 1480 oppidum
1166 1430 1379 1469 cernimus.
1420 1441 1495 1469 nec
1525 1428 1632 1480 quod
1659 1433 1698 1468 m

196 1492 319 1535 esset,
351 1486 574 1526 sciebamus
605 1491 805 1533 errantes,
837 1485 964 1524 donec
985 1497 1006 1524 a
1026 1486 1141 1525 vilico
1164 1487 1333 1538 quodam
1355 1486 1527 1526 Crotona
1549 1498 1634 1526 esse

196 1543 474 1595 cognovimus,
505 1542 644 1581 urbem
677 1542 987 1593 antiquissimam
1013 1549 1052 1581 et
1071 1543 1281 1594 aliquando
1303 1543 1432 1584 ltaliae
1453 1543 1634 1595 primam.

197 1613 287 1641 cum
308 1600 451 1639 deinde
473 1599 699 1650 diligentius
721 1599 1038 1651 exploraremus,
1070 1600 1137 1651 qui
1158 1599 1340 1640 homines
1370 1599 1637 1640 inhabitarent
1701 1641 1703 1645 ,

197 1657 333 1697 nobile
364 1657 511 1704 solum,
543 1656 697 1707 quodve
728 1668 855 1708 genus
887 1656 1165 1707 negotiationis
1186 1657 1398 1709 praecipue
1418 1655 1636 1709 probarent

197 1720 288 1767 post
317 1714 467 1753 attritas
497 1712 610 1753 bellis
631 1713 908 1764 frequentibus
929 1725 1044 1764 opes,
1067 1717 1104 1752 ‘o
1126 1713 1192 1753 mi'
1215 1714 1345 1766 inquit
1365 1714 1574 1766 ‘hospites,
1604 1712 1637 1752 si
1666 1717 1701 1752 2¹

199 1770 466 1822 negotiatores
488 1770 600 1815 estis,
631 1776 779 1809 mutate
800 1769 1048 1821 propositum
1072 1770 1255 1822 aliudque
1276 1770 1376 1810 vitae
1396 1769 1636 1824 praesidium

199 1827 389 1879 quaerite.
435 1827 494 1866 sin
518 1832 648 1865 autem
673 1827 894 1865 urbanioris
916 1833 1034 1865 notae
1055 1827 1236 1867 homines
1257 1827 1460 1867 sustinetis
1479 1838 1637 1878 semper

200 1884 380 1933 mentiri,
411 1890 517 1923 recta
538 1884 583 1922 ad
606 1883 761 1922 lucrum
784 1883 954 1922 curritis.
995 1884 1035 1922 in
1059 1884 1130 1923 hac
1152 1884 1258 1924 enim
1280 1883 1380 1923 urbe
1401 1897 1482 1924 non
1506 1883 1636 1923 litera-

198 1954 287 1981 rum
307 1941 436 1981 studia
458 1940 720 1988 celebrantur,
744 1953 826 1979 non
849 1940 1075 1991 eloquentia
1096 1941 1226 1980 locum
1247 1940 1378 1989 habet,
1400 1954 1482 1981 non
1505 1940 1637 1992 fruga-

198 1999 286 2038 litas
307 1998 513 2049 sanctique
535 2009 666 2037 mores
687 1996 868 2036 laudibus
889 1997 935 2036 ad
956 1997 1128 2037 fructum
1151 1998 1407 2050 perveniunt,
1428 1998 1497 2038 sed
1518 2009 1638 2048 quos-
1665 2000 1708 2041 ΒΟ,

200 2067 358 2106 cunque
389 2054 571 2094 homines
601 2055 642 2093 in
673 2054 747 2093 hac
777 2054 876 2093 urbe
906 2053 1099 2101 videritis,
1139 2054 1277 2094 scitote
1307 2054 1348 2094 in
1379 2054 1476 2094 duas
1506 2059 1638 2106 partes

200 2123 286 2152 esse
324 2112 479 2151 divisos.
540 2123 631 2150 nam
671 2116 738 2150 aut
776 2116 984 2162 captantur
1021 2117 1089 2150 aut
1126 2117 1296 2163 captant.
1355 2111 1395 2151 in
1436 2112 1510 2151 hac
1538 2109 1639 2150 urbe
1699 2150 1701 2152 .

201 2181 319 2209 nemo
350 2168 496 2208 liberos
525 2168 645 2215 tollit,
678 2168 767 2219 quia
799 2167 977 2219 quisquis
1007 2180 1100 2207 suos
1129 2169 1295 2208 heredes
1315 2167 1455 2217 habet,
1487 2179 1567 2207 non
1590 2166 1638 2206 ad
1691 2171 1703 2214 ,ξ

202 2238 343 2273 cenas,
376 2238 456 2265 non
489 2225 534 2264 ad
567 2224 789 2277 spectacula
819 2224 1054 2273 admittitur,
1091 2226 1157 2265 sed
1191 2225 1375 2265 omnibus
1404 2223 1640 2277 prohibetur

202 2283 441 2331 commodis,
480 2282 586 2321 inter
623 2281 910 2333 ignominiosos
948 2280 1082 2321 latitat.
1143 2282 1210 2333 qui
1248 2294 1340 2321 vero
1379 2294 1454 2321 nec
1495 2291 1640 2321 uxores
1666 2279 1707 2328 ΒΕ

202 2352 378 2390 unquam
402 2339 602 2378 duxerunt
623 2351 696 2378 nec
716 2337 915 2390 proximas
936 2339 1251 2379 necessitudines
1273 2339 1436 2386 hahent,
1459 2338 1507 2377 ad
1529 2348 1637 2378 sum-
1692 2340 1706 2376 ξ·

203 2408 288 2435 mos
319 2397 492 2436 honores
521 2395 781 2448 perveniunt,
822 2394 861 2434 id
894 2400 952 2434 est
982 2395 1054 2434 soli
1085 2395 1290 2444 militares,
1332 2395 1405 2435 soli
1435 2393 1638 2435 fortissimi
1690 2412 1707 2449 ᾗ

203 2459 319 2503 atque
359 2453 473 2492 etiam
514 2453 750 2492 innocentes
789 2450 997 2491 habentur.
1056 2452 1229 2492 adibitis'
1269 2452 1399 2504 inquit
1428 2451 1639 2504 ‘oppidum
1696 2504 1698 2507 Ι

318 2542 337 2573 2
363 2540 488 2582 finxitss
508 2543 527 2575 8
553 2542 696 2584 contigit
712 2542 724 2584 ΙΙ
747 2542 786 2575 13
813 2551 831 2575 e
856 2541 956 2575 nobis
973 2541 986 2585 ΙΙ
1028 2542 1109 2584 19])
1113 2542 1207 2574 otius
1230 2538 1476 2583 escendimusfl
1495 2541 1539 2573 20
1560 2549 1640 2572 con-

1690 2445 1706 2498 ἓ

1693 2504 1707 2531 t(

1687 2534 1708 2576 ἒξ,

202 2588 270 2619 [eei
293 2586 510 2629 suppositum
536 2587 602 2620 arci
621 2589 632 2628 ΙΙ
652 2588 696 2620 34
714 2597 835 2621 scenas
851 2587 864 2631 ΙΙ
883 2586 925 2620 37
952 2587 999 2621 hii
1023 2585 1087 2620 soli
1112 2587 1347 2629 apographon
1358 2584 1644 2627 Memmianumu
1687 2577 1709 2599 ᾗ

202 2632 245 2666 38
269 2631 436 2665 audebitis
458 2634 463 2675 Ι
483 2631 636 2672 fortasse
659 2633 776 2676 itaque
1683 2598 1713 2886 i
