1728 2886
670 117 918 155 mamam:
1422 117 1508 162 1992
1547 90 1552 97 ’

713 233 798 272 vm
818 232 879 287 (8)

354 289 477 330 valete
498 295 536 329 et
555 301 617 330 me
638 289 820 342 palmulis
840 289 1047 342 producite
1534 294 1592 329 355

691 357 795 396 V1111
815 357 901 408 (22)
1473 386 1475 390 Α

354 412 467 452 Pacvi
487 412 700 464 discipulus
720 413 851 461 dicor,
874 426 994 466 porro
1015 407 1047 454 is
1069 414 1142 454 fuit
1160 413 1276 460 Enni,
1344 414 1352 425 ⁸
1535 417 1595 451 356

409 468 554 508 Enniu'
574 469 796 510 Musarum:
818 470 1033 523 Pompilius
1053 470 1187 510 clueor

355 604 566 644 maerentis
585 610 629 644 ut
651 547 815 656 quiqu(s1
825 549 871 644 {g
891 604 1095 645 demissior
1115 604 1354 657 probandus
1534 610 1592 644 357
1659 597 1662 599 ⁵

354 655 629 712 Ἀχιλλέως(
603 659 804 716 ηρωικός,
827 658 1003 710 immas
1022 659 1219 703 κιναίδου
1329 670 1333 675 ”

356 798 445 847 equi
468 795 598 835 colore
619 739 905 848 d1spa{gS(i2tI÷)rri
928 797 1009 836 nati
1538 801 1594 834 358

356 851 418 891 hic
440 851 586 900 badius,
607 853 679 892 iste
700 853 835 905 gilvus,
857 853 920 893 ille
940 853 1119 893 murinus

706 931 775 970 XIl
795 934 879 982 (16)

227 986 381 1037 iurgare
402 987 532 1039 coepit
551 987 705 1028 dicens:
1537 992 1595 1026 359

355 1047 466 1094 ‘quae
497 1045 574 1082 scis
602 1049 719 1096 atque
747 1045 787 1084 in
808 1044 967 1095 vulgum
989 1044 1121 1096 vulgas
1142 1047 1343 1096 artemque
1364 1055 1504 1096 expro-

412 1099 485 1139 mis
505 1099 686 1140 ine-'rtem’

698 1156 786 1195 XIII
809 1158 895 1207 (18)
1364 1209 1365 1212 Ἴ

227 1218 318 1251 tuus
338 1219 467 1252 autem
490 1212 573 1264 ipse
593 1213 712 1252 frater
733 1213 901 1253 cibarius
922 1213 994 1252 suit
1014 1213 1271 1252 Aristoxenus
1538 1218 1596 1251 360

690 1291 795 1331 XIIII
1478 1316 1482 1322 ·

8 1384 26 1390 ,.
228 1358 369 1399 nempe
404 1360 493 1387 sues
527 1348 719 1388 silvaticos
753 1349 794 1388 in
814 1293 1023 1388 ffiffinfibus
1052 1348 1212 1388 sectaris
1232 1346 1423 1387 venabulo
1446 1353 1512 1387 aut
1538 1353 1595 1387 361

87 1413 244 1451 cervos,
267 1403 333 1454 qui
355 1403 423 1443 tibi
447 1404 535 1444 mali
558 1405 654 1444 nihil
675 1406 866 1452 fecerunt,
889 1405 1055 1445 verutis:
1085 1417 1106 1444 a
1127 1411 1250 1444 artem
1270 1404 1508 1457 praeclaram

88 1593 114 1634 b
227 1538 398 1601 primum
419 1551 501 1578 eam
525 1551 607 1579 esse
627 1483 956 1592 ρῖινειξὲηωέιιοᾱ
977 1540 1027 1580 sit
1050 1537 1243 1596 ἔμφυτος
1258 1546 1302 1579 ut
1321 1540 1404 1592 ipsa
1424 1552 1511 1588 νοΧ,
1538 1546 1609 1579 362·

9 1605 11 1608 ’
35 1612 37 1615 ·
117 1595 191 1635 asis
213 1595 299 1634 eius

10 1743 11 1746 ,
227 1708 408 1747 homines
429 1708 595 1748 rusticos
615 1709 655 1748 in
677 1706 867 1749 vindemia
899 1707 1098 1748 incondita
1129 1714 1307 1757 cantare,
1341 1708 1511 1749 sarcina·
1541 1715 1596 1749 363

26 1792 28 1794 -
89 1764 205 1804 trices
226 1764 264 1804 in
287 1764 476 1804 machinis

695 1821 798 1861 XVII
819 1823 903 1872 (11)

10 1915 30 1935 ἱ,
232 1890 309 1917 non
332 1877 458 1917 vidisti
480 1877 732 1917 simulacrum
755 1878 880 1918 leonis
901 1877 948 1917 ad
969 1877 1072 1918 Idam
1095 1890 1142 1918 eo
1164 1878 1263 1925 loco,
1288 1877 1354 1917 ubi
1384 1890 1512 1929 quon·
1541 1885 1598 1918 364

89 1933 176 1973 dam
197 1933 327 1974 subito
349 1946 437 1973 eum
459 1947 547 1973 cum
569 1935 754 1974 vidissent
775 1935 1067 1987 quadrupedem
1088 1934 1176 1987 galli
1199 1934 1393 1987 tympanis
1413 1934 1508 1974 adeo

9 1990 41 2035 'lg
91 1991 270 2030 fecerunt
290 2002 507 2038 mansuem,
530 1996 572 2030 ut
592 1996 805 2031 tractarent
821 1989 1029 2031 manibus?

690 2069 773 2108 XVI

18 2155 26 2169 1
229 2137 360 2189 saepe
369 2125 487 2165 totius
509 2126 646 2165 theatri
666 2070 931 2166 tibiisltltrglffl)
946 2126 1140 2166 flectendo
1156 2125 1384 2198 commutari
1401 2137 1511 2165 men·
1541 2121 1629 2166 365

16 2186 37 2232 ,ᾗ
89 2188 159 2229 tes,
181 2182 277 2234 erigi
298 2182 450 2221 animos
470 2194 606 2221 eorum

17 2329 41 2347 «,-
201 2306 267 2340 355
290 2304 335 2339 Ν.
356 2315 392 2347 Ρ.
418 2306 483 2339 372
507 2304 693 2348 producere
717 2304 852 2344 longius
875 2304 998 2339 ducere
1029 2304 1036 2348 Ι
1067 2314 1188 2348 meque
1214 2304 1377 2346 Scaliger
1403 2302 1416 2348 ΙΙ
1447 2305 1512 2339 356

15 2362 23 2387 ῑ
89 2349 134 2384 Ν.
154 2360 192 2393 p.
216 2351 258 2385 87
284 2350 375 2384 cluet
406 2349 412 2394 Ι
434 2349 602 2384 Pacuvius
629 2349 641 2394 ΙΙ
672 2351 737 2385 357
760 2349 806 2383 Ν.
827 2360 862 2393 Ρ.
886 2352 907 2386 5
932 2349 1062 2384 cinaedi
1096 2351 1101 2391 Ι
1135 2349 1311 2383 demissior
1335 2349 1512 2384 trochaeus

29 2417 38 2440 ἕ
90 2395 339 2429 Lachmannus
362 2394 584 2440 aliquandou
603 2395 669 2429 358
693 2393 783 2438 Ν.Ρ
786 2396 864 2432 ,80
887 2395 1006 2429 badius
1029 2394 1042 2439 ΙΙ
1067 2397 1132 2430 359
1155 2394 1201 2428 Ν.
1220 2405 1259 2438 Ρ.
1286 2395 1350 2430 182
1372 2394 1512 2438 vulgare

17 2440 42 2485 ‘ff'
90 2444 124 2473 οι
141 2451 179 2484 Ρ,
205 2442 270 2476 230
296 2440 417 2484 vulgus
438 2443 443 2483 Ι
465 2450 551 2484 quae
576 2440 660 2474 racis
682 2451 716 2483 Ρ.
743 2441 807 2475 230
834 2439 848 2484 ss
877 2441 942 2474 360
967 2439 1012 2474 Ν.
1031 2450 1068 2483 Ρ.
1094 2441 1136 2475 93
1160 2439 1321 2475 charium
1378 2440 1442 2475 361
1467 2439 1512 2473 Ν.

16 2491 33 2522 '4
115 2487 214 2521 ,555
238 2485 442 2521 venabulum
467 2487 502 2518 et
521 2496 556 2529 p.
581 2487 647 2520 554
670 2489 826 2519 verutum
852 2485 858 2528 Ι
885 2486 928 2519 ab
953 2485 1009 2518 vel
1030 2484 1071 2519 ad
1095 2489 1200 2519 artem
1223 2485 1331 2537 u362
1378 2495 1443 2538 .Ρ.
1469 2487 1512 2520 79

115 2531 193 2566 asie.
240 2532 424 2574 legabatur
447 2532 486 2564 in
509 2533 633 2564 satura
657 2533 739 2564 ante
762 2528 810 2570 l'r.
835 2532 900 2566 358
925 2529 940 2575 ΙΙ
964 2531 1029 2565 363
1052 2529 1143 2574 Ν.
1146 2532 1222 2566 ,56
1245 2529 1478 2566 sarcinati-noes
1499 2530 1513 2573 ΙΙ

92 2577 159 2611 364
181 2576 226 2611 Ν.
245 2587 283 2620 Ρ.
308 2577 374 2611 483
399 2586 557 2610 mansues
576 2574 583 2620 Ι
603 2579 823 2610 retractarent
847 2575 1004 2610 coda-vo
1031 2577 1137 2609 timu
1158 2575 1173 2620 ΙΙ
1196 2576 1263 2611 365
1287 2574 1331 2609 Ν.
1354 2587 1388 2627 p.
1414 2578 1432 2609 7
1459 2575 1514 2610 sri-

24 2630 41 2667 ’ῑς
92 2630 171 2664 gere
191 2623 196 2664 Ι
218 2621 371 2656 tibicinIo
387 2621 570 2654 Madvieus
590 2622 596 2665 Ι
617 2623 824 2655 commutare
844 2622 849 2664 Ι
871 2620 947 2664 frIgi
1007 2623 1110 2654 onius
