1728 2886
684 134 934 171 namn:
1437 135 1515 174 207

365 251 602 303 nequiquam
625 263 740 303 saepe
755 257 910 291 aeratas
928 251 1082 292 mannis
1102 251 1310 303 compedes

366 319 491 348 conor
510 307 694 347 revellere
744 363 779 403 Π
810 365 870 415 (2)

362 428 445 460 tum
468 427 511 460 ut
530 424 562 460 si
582 420 778 460 subernus'
798 423 929 460 cortex
951 427 1017 460 aut
1037 421 1239 461 cacumina
1546 427 1604 460 424

362 477 599 516 morientum
622 477 659 516 in
678 482 897 528 querqueto
918 476 1103 516 arborum
1120 477 1312 517 aritudine

741 554 794 594 llI
817 557 874 606 (3)

834 618 950 663 atque
971 625 1020 652 ea>
1040 612 1198 653 arcubus
1546 618 1600 652 425

362 667 625 719 exsanguibus
646 668 781 708 dolore
804 668 990 708 evirescat
1011 668 1117 708 colos

728 746 798 786 1111
837 749 861 788 4

361 813 533 853 mortalis
554 826 670 853 nemo
692 743 950 860 exaudies&
971 814 1045 854 late
1066 815 1245 856 incolens
1545 822 1603 855 426

362 870 591 922 Scytharum
615 870 860 922 inhospitalis
881 871 1027 923 campis
1047 872 1202 911 vastitas

751 948 780 986 V
819 951 842 989 5

360 1004 452 1044 levis
472 1017 585 1044 mens
606 1017 789 1056 umquam
800 950 1048 1045 (sgmnurnas
1069 1006 1258 1057 imagines
1543 1013 1601 1047 427

359 1062 509 1108 affatur,
527 1073 606 1101 non
625 1061 858 1101 umbrantur
877 1073 1017 1101 somno
1039 1062 1208 1115 pupulae

740 1139 788 1178 VI
809 1141 866 1191 (6)

359 1208 566 1247 humanam
584 1208 777 1259 quandam
799 1210 954 1260 gentem
976 1208 1107 1260 stirpis
1129 1208 1274 1260 coquit,
1545 1217 1602 1250 428

359 1264 481 1327 frigus
501 1264 630 1304 calore
650 1270 766 1316 atque
787 1277 923 1304 umore
945 1264 1176 1304 aritudinem

357 1327 494 1360 miscet

727 1377 793 1416 Vll
832 1380 856 1418 7

229 1455 318 1484 cum
338 1456 493 1484 sumere
514 1445 727 1497 coepisset,
756 1380 933 1497 vol(u1{1as
953 1444 1164 1492 detineret,
1196 1457 1284 1485 cum
1318 1451 1377 1485 sat
1397 1444 1516 1485 habe·
1544 1453 1602 1486 429

90 1506 161 1547 ret,
182 1500 296 1541 satias
316 1513 474 1541 manum
496 1502 544 1542 de
565 1513 698 1541 mensa
719 1501 875 1541 tolleret

719 1580 805 1620 Vlll
826 1581 884 1631 (8)

230 1646 457 1703 retrimenta
479 1647 555 1687 cibi
575 1660 650 1699 qua
673 1648 836 1694 exirent,
859 1660 930 1699 per
950 1647 1144 1700 posticum
1166 1647 1302 1688 callem
1325 1649 1396 1688 feci
1537 1657 1594 1689 430

27 1829 42 1845 ,,
229 1794 264 1833 id
290 1801 331 1833 ut
353 1794 464 1842 scias,
485 1795 573 1834 audi
595 1795 670 1835 hoc
691 1795 793 1847 quod
811 1795 950 1834 falsum
971 1794 1066 1834 dicis
1088 1807 1184 1842 esse,
1208 1795 1354 1834 nemini
1377 1794 1512 1835 oculos
1540 1805 1595 1837 431

10 1843 39 1903 Ξ»
89 1862 188 1902 opus
209 1862 308 1898 esse,
329 1851 361 1890 si
384 1851 500 1897 habet

731 1906 764 1946 X
782 1907 869 1957 (10)

13 2002 43 2027 »ξ
229 1974 557 2027 Chrysosandalos
577 1975 678 2014 locat
698 1975 770 2014 sibi
792 1975 996 2015 amiculam
1018 1975 1064 2014 de
1085 1975 1184 2015 lacte
1205 1982 1243 2015 et
1259 1988 1348 2016 cera
1360 1976 1509 2016 Taren·
1539 1985 1597 2019 342

86 2031 167 2070 tina
188 2042 304 2082 quam
325 2043 418 2083 apes
439 2031 606 2071 Milesiae
627 2032 830 2083 coegerint
861 2044 905 2071 ex
937 2030 1120 2071 omnibus
1147 2031 1308 2073 floribus
1330 2033 1509 2082 libantes,

87 2087 172 2126 sine
194 2099 280 2127 osse
301 2094 339 2127 et
361 2088 502 2135 nervis,
523 2088 608 2128 sine
629 2088 751 2140 pelle,
771 2089 857 2128 sine
878 2088 967 2140 pilis
987 2100 1126 2140 puram
1148 2095 1281 2140 putam
1304 2101 1510 2141 proceram

14 2143 41 2200 ,375
87 2144 290 2183 candidam
310 2149 486 2184 teneram
507 2145 715 2184 formosam

79 2277 222 2315 {metheo
246 2276 333 2311 libro
357 2281 391 2310 et
413 2277 548 2310 additis
568 2279 725 2310 numeris
748 2277 808 2310 lib.
831 2277 843 2310 1
868 2277 923 2310 vel
945 2277 982 2319 ΙΙ,
1004 2276 1052 2317 fr.
1071 2278 1136 2312 425
1154 2277 1211 2311 lib.
1228 2276 1301 2312 XV.
1346 2277 1511 2312 Mer-cera·

22 2314 46 2364 '⁴5
86 2324 326 2356 coniecturam
349 2322 493 2356 liberato
518 2324 580 2366 qui
601 2326 787 2365 sequetur,
816 2324 855 2355 in
878 2321 927 2362 l'r.
951 2323 1017 2356 425
1048 2323 1141 2355 nihil
1169 2323 1346 2366 relinquet
1365 2327 1510 2367 praeter

87 2377 222 2400 versum
244 2378 354 2401 unum
372 2367 385 2412 ΙΙ
402 2369 468 2402 424
490 2367 535 2401 Ν.
555 2378 592 2410 p.
618 2369 683 2402 199
706 2369 848 2410 conexu
867 2368 932 2401 425
956 2366 1003 2403 Ν.
1024 2378 1059 2411 p.
1079 2369 1140 2402 101
1167 2368 1334 2402 evirescnt
1350 2367 1364 2412 ΙΙ
1380 2370 1448 2403 426
1463 2368 1508 2403 Ν.

23 2414 41 2452 ζμ
83 2422 120 2456 p.
143 2414 208 2447 417
233 2413 376 2447 vastitas
395 2415 401 2455 Ι
423 2415 486 2447 427
506 2412 556 2446 -Ν,
579 2423 614 2456 p.
642 2414 706 2447 172
729 2422 939 2448 §omnm-nae.
984 2414 1178 2456 praecenit
1201 2414 1270 2447 tale
1301 2423 1368 2448 non
1391 2414 1507 2459 requie

24 2462 50 2497 ιρὰ
87 2457 166 2491 mali
183 2458 196 2501 η
211 2459 279 2493 428
302 2457 347 2492 Ν.
370 2469 405 2501 p.
431 2461 470 2493 71
498 2457 697 2492 aritndinem
719 2456 725 2500 Ι
746 2457 965 2491 humanorum
990 2461 1054 2491 oeue
1078 2458 1315 2492 humanarumz
1341 2459 1507 2494 humanae

24 2499 26 2504 ’
77 2502 250 2546 Scaliger
278 2502 286 2548 Ι
318 2504 472 2548 conquit:
499 2503 683 2548 concoquit
707 2502 831 2535 lunius
854 2513 922 2545 quo
945 2503 1071 2536 melius
1094 2507 1172 2537 erat
1194 2503 1373 2549 percoquit
1398 2504 1411 2549 ΙΙ
1441 2506 1506 2539 429

18 2533 46 2586 ³¹ss
86 2547 131 2581 N.
150 2558 188 2590 p.
212 2549 278 2582 172
302 2549 406 2583 satias
425 2549 432 2593 ι
452 2548 724 2592 retineretu4ao
747 2546 791 2581 Ν.
813 2558 847 2590 p.
874 2549 938 2583 217
963 2549 1128 2592 posticam
1161 2551 1167 2591 ι
1199 2548 1322 2583 vanem
1355 2552 1435 2585 431.
1461 2549 1507 2584 Ν.

34 2599 41 2610 ’·
83 2603 119 2637 p.
142 2595 208 2628 497
231 2594 448 2628 accusativus
470 2603 532 2638 pro
555 2593 704 2628 ablativo
722 2593 820 2637 11432
845 2591 887 2627 Ν.
908 2603 944 2636 p.
969 2594 1010 2628 27
1037 2596 1140 2638 putus
1169 2594 1175 2638 Ι
1194 2594 1310 2628 vlocnt
1362 2596 1424 2628 ber
1447 2606 1506 2639 op·

18 2646 47 2692 :j
86 2641 192 2671 timus
213 2639 276 2672 sed
296 2649 318 2671 v
342 2639 494 2672 doleam:
