1728 2886
6 215 25 265 ᾖ
38 206 266 257 magmate
279 215 320 248 de
330 215 418 258 pedo
435 214 537 249 oculo
549 215 676 259 capillo
695 217 737 252 58

53 268 207 303 aequum
231 258 320 293 Mars
343 263 434 294 am'at
459 261 503 295 34

28 307 169 348 ,338138
194 305 238 339 69
282 301 416 350 ἀγάγοις
438 306 535 339 velut
558 305 636 338 leno

22 343 198 394 ssaginavi
223 350 264 384 61

8 390 115 428 2-est
138 394 201 428 sub
226 394 323 438 alapa
349 397 390 430 38

61 439 195 482 alogiae
218 441 348 474 meniae
374 442 416 474 58

8 477 36 531 ζ
60 484 283 518 amasiunculi
306 487 349 520 45
396 485 624 519 amasiuncula
650 487 692 519 75

42 526 240 567 lambubaia
266 532 308 564 74

8 580 10 609 ἰ
59 574 188 608 amicus
213 574 320 609 amico
346 577 388 610 43
413 578 459 610 44
503 575 538 608 in
573 575 737 620 angustiis

7 621 59 659 ,ἔζη
107 619 207 654 amici
236 625 399 664 apparent
423 621 463 656 61

7 661 11 712 j
45 662 200 699 lanatina
225 666 267 699 56

7 709 206 755 7(ειιιίῐιιειιιι
231 709 364 744 ebulliit
388 712 431 745 42
457 712 500 745 62

8 784 12 786 .
39 754 330 790 ἀοὶεεοῑιοίατὶυε
356 757 394 790 81

8 797 38 844 ⁴2}
59 799 280 843 apoculamus
305 811 366 834 nos
392 803 434 835 62
453 802 493 835 67
543 803 678 836 abimus
695 803 736 835 ab

109 845 221 878 oculis

8 886 144 933 '¹35³mihi
169 891 328 934 apodixin
356 890 599 926 defunctoriam
634 891 736 926 redde

17 980 262 1024 &apophoreti
288 982 330 1014 40

59 1025 151 1069 apud
176 1035 212 1059 se
237 1035 303 1059 non
328 1029 380 1059 est
403 1027 467 1060 129

13 1084 28 1104 ,ξ
58 1080 183 1114 aquam
195 1070 229 1103 in
243 1081 282 1105 os
296 1081 393 1104 suum
408 1081 474 1105 non
484 1071 628 1106 coniciet
638 1074 678 1107 67
691 1074 735 1107 42

60 1118 159 1150 arbor
183 1118 286 1149 nauis
311 1118 373 1150 115

59 1161 285 1195 archisellium
310 1163 352 1195 75

59 1205 194 1240 arietilli
219 1208 261 1241 39

9 1246 41 1307 ’ᾗ
57 1261 174 1285 assem
198 1251 324 1286 habeas
348 1262 457 1286 assem
484 1252 598 1286 valeas
617 1255 657 1287 77
692 1253 734 1287 ab

106 1306 181 1330 asse
206 1297 311 1330 crevit
328 1299 369 1332 43
403 1307 479 1331 asse
496 1308 618 1340 panem
635 1308 735 1342 quem

12 1115 37 1182 *zy-

11 1178 38 1270 {JV-ic

11 1335 39 1376 {v
105 1341 247 1382 emisses
261 1344 303 1376 44
327 1343 552 1377 sestertiarius
575 1343 676 1377 homo
690 1345 733 1378 45

11 1373 39 1428 ’ἐξ
104 1387 206 1420 homo
223 1387 454 1430 dipundiarius
468 1390 511 1422 74
528 1389 570 1423 58
594 1393 734 1423 matrem

13 1427 49 1466 8³
106 1442 214 1466 meam
233 1432 398 1477 dupundii
415 1444 482 1468 non
500 1434 587 1468 facio
605 1435 647 1469 58
680 1444 735 1468 co-

12 1474 43 1508 ἑ
103 1476 194 1511 mula
219 1477 344 1512 besalis
359 1480 400 1513 58
448 1478 668 1523 quadrantem
693 1479 734 1514 de

14 1511 44 1564 a}
104 1526 251 1556 stercore
276 1523 394 1558 tollere
418 1525 461 1558 43

8 1567 140 1608 21nihi
166 1568 292 1602 asciam
315 1569 349 1603 in
374 1579 450 1603 crus
475 1569 599 1613 impegi
625 1572 667 1604 74

7 1608 45 1653 ,ἴῑ
59 1613 176 1646 asinus
190 1613 223 1646 in
238 1614 361 1656 tegulis
376 1616 418 1649 63
445 1615 501 1658 qui
519 1615 649 1648 asinum
667 1625 734 1649 non

104 1662 230 1701 potest,
255 1662 396 1693 stratum
422 1659 533 1694 caedit
556 1662 599 1694 45

59 1708 113 1736 ast
137 1703 196 1737 ubi
220 1705 262 1738 99

15 1748 46 1779 ’ὴ
57 1757 101 1782 au
124 1758 167 1782 au
193 1750 234 1782 67

43 1793 158 1834 ῖνειίᾱε
182 1793 365 1828 audaculus
390 1795 431 1828 63

54 1841 270 1873 automatum
296 1841 340 1873 54
365 1841 429 1874 140

16 1909 234 1962 L‘babaecali
259 1930 300 1963 37
329 1941 352 1962 α
374 1932 492 1973 βαβαί

23 1957 238 2026 &postquam
277 1984 395 2008 omnes
434 1975 623 2029 bacalusias
656 1987 735 2011 con-

21 2019 584 2142 aguitffltffmttssffl‘gtffizff
595 2069 634 2102 61

21 2109 44 2150 ἓ
83 2108 263 2143 alaenacea
288 2110 381 2153 virga
407 2112 445 2145 21

27 2152 124 2196 {iiam
149 2154 197 2187 illi
222 2155 371 2189 balatum
396 2155 565 2191 duxissem
591 2159 631 2191 57

13 2197 208 2236 «Maliacus
236 2200 398 2233 balneum
422 2203 464 2235 42

27 2239 138 2282 ›fdicet
154 2244 291 2278 barbam
309 2255 441 2279 auream
459 2247 585 2281 habeas
598 2250 640 2283 58
665 2258 732 2283 ser-

30 2286 49 2336 f]
104 2299 168 2323 vus
192 2289 524 2326 barbatoriamvsecit
548 2294 590 2327 73

30 2333 215 2370 athai-culae
233 2336 274 2369 67
292 2337 404 2369 simile
415 2337 509 2370 valet
525 2348 567 2371 ac
585 2340 733 2373 barones

32 2378 140 2414 &baro
164 2384 278 2414 noster
302 2382 344 2415 63

41 2423 148 2465 &bella
171 2434 226 2459 res
249 2430 302 2460 est
319 2428 360 2461 58
395 2427 577 2462 bellissima
597 2430 731 2464 occasio

105 2470 146 2503 25
171 2470 282 2515 siquid
308 2472 387 2506 belli
412 2473 518 2507 habes
543 2475 586 2509 68
633 2474 733 2508 dicite

43 2539 45 2541 -
103 2514 229 2558 aliquid
254 2516 334 2550 belli
359 2519 401 2552 78
449 2518 537 2553 belle
562 2520 624 2553 erit
650 2522 692 2554 46

60 2557 146 2593 hene
168 2569 265 2594 mane
290 2563 332 2596 85

33 2603 164 2642 ,sudor
187 2615 246 2648 per
270 2606 436 2642 bifurcum
461 2608 598 2643 volabat
623 2612 666 2644 62

127 2664 255 2694 Petronii
274 2667 380 2695 nanu-ae
402 2668 448 2696 ed.
468 2669 508 2697 ΠΙ

675 100 892 137 SERMONIS

1403 102 1482 141 129

805 214 988 250 bisaccium
1012 217 1053 251 31

806 260 886 295 dum
910 260 1056 295 bonatus
1069 260 1133 305 ago
1148 264 1192 296 74
1214 261 1368 302 fortasse
1387 266 1484 298 bovi·

850 308 957 343 natus
981 308 1236 348 tergiversatus

806 350 941 384 iacebat
965 354 1124 395 tanquam
1150 353 1247 387 bovis
1271 355 1314 389 62
1346 354 1482 389 valebat

851 396 975 429 bovem
998 397 1118 430 iratum
1142 398 1263 432 tollere
1281 401 1323 433 63
1348 400 1483 435 oculum

852 440 990 474 bublum
1016 441 1086 474 vidi
1110 443 1272 477 maiorem
1296 446 1340 479 44

806 495 872 519 non
887 486 1029 519 buccam
1042 487 1137 529 panis
1151 488 1303 523 invenire
1316 492 1360 525 44
1376 491 1482 526 bucca

851 530 969 572 bucca,
994 535 1078 575 quot
1093 536 1171 566 sunt
1188 533 1265 567 hic?
1290 536 1334 569 64
1380 536 1483 570 durae

852 576 978 610 buccae
1014 575 1077 610 fuit
1111 577 1288 621 linguosus
1321 582 1364 615 43
1411 592 1484 616 mu-

851 631 987 655 cronem
1011 621 1054 655 ad
1079 623 1218 657 buccam
1242 625 1385 668 probare
1409 630 1450 661 70

806 666 948 700 bucinus
968 667 1088 710 gallus
1113 670 1155 702 74

806 711 1012 746 burdubasta
1027 715 1069 747 45
1095 716 1326 757 compositum
1338 727 1357 748 e
1369 717 1483 750 burdo

850 757 906 790 vel
930 758 1088 791 bardone
1112 762 1146 791 et
1169 760 1352 795 basternae
1368 763 1483 796 basta-

848 813 960 844 gaeve
979 804 1191 846 primordiis

806 892 953 926 caccitus
978 894 1020 927 63
1363 919 1367 922 -

805 937 932 980 ubique
957 937 1088 972 medius
1111 940 1225 974 caelus
1250 944 1302 975 est
1325 944 1368 976 45
1400 943 1483 978 abiit

850 982 884 1015 in
909 983 1040 1017 caelum
1066 985 1108 1019 38

806 1028 939 1061 caldum
952 1029 1075 1063 meiere
1088 1033 1123 1064 et
1136 1030 1293 1074 frigidum
1311 1036 1428 1076 potare
1438 1036 1480 1068 67

805 1072 1063 1108 caldicerebrius
1088 1077 1130 1110 45
1157 1078 1199 1110 58

806 1118 965 1162 antiquus
989 1129 1082 1154 amor
1105 1131 1228 1155 cancer
1252 1125 1303 1155 est
1329 1124 1372 1157 42

804 1163 898 1197 canis
907 1164 1014 1197 salam
1026 1167 1069 1200 43
1094 1165 1245 1209 linguam
1258 1168 1411 1202 caninam
1426 1180 1482 1203 co—

849 1209 937 1243 medi
962 1211 1003 1244 43
1030 1214 1167 1254 putares
1190 1222 1307 1247 canem
1331 1213 1481 1258 leporem

849 1255 1005 1298 persequi
1023 1257 1064 1289 63
1113 1257 1230 1291 canale
1254 1259 1353 1302 lepus
1377 1261 1420 1294 56

803 1300 1036 1334 cantabundus
1062 1302 1102 1337 61

804 1345 972 1379 canturire
998 1348 1040 1380 64

804 1389 955 1424 cardeles
965 1393 1008 1425 46
1025 1395 1064 1424 ut
1078 1392 1165 1425 alibi
1180 1393 1311 1426 cardus
1320 1405 1387 1437 pro
1402 1406 1481 1428 cat·-

849 1435 918 1468 duo
1455 1441 1458 1444 ’

804 1481 923 1515 abistis
947 1481 1063 1515 dulces
1088 1483 1216 1517 caricae
1243 1485 1286 1518 64

767 1540 771 1542 ⁷
804 1526 990 1560 carnarium
1015 1529 1052 1560 in
1078 1529 1337 1571 amphitheatro
1363 1532 1406 1565 45
1429 1530 1479 1572 (in

850 1572 970 1605 culina
988 1573 1117 1606 cellave
1131 1576 1183 1606 sic
1199 1578 1241 1607 ut
1257 1575 1360 1618 volgo
1378 1576 1422 1617 fit
1436 1578 1479 1611 95

852 1618 914 1651 135
942 1619 1019 1659 136)

803 1662 1011 1705 cataphagae
1035 1664 1078 1697 39

803 1708 1018 1751 catastropha
1044 1710 1087 1742 54

804 1753 824 1774 *
841 1753 1048 1786 catomidiari
1077 1755 1140 1788 132
1451 1783 1454 1787 .

804 1797 948 1831 aedilem
971 1809 1044 1832 non
1070 1800 1168 1833 trium
1193 1801 1387 1836 cauniarum
1413 1805 1457 1838 44

804 1842 923 1876 cedrac
947 1844 990 1878 38
1014 1841 1214 1889 κεὸρόμηλα
1239 1849 1345 1880 citria
1402 1871 1407 1875 -

805 1888 879 1931 cepi
903 1888 1016 1931 ipsimi
1041 1890 1244 1924 cerebellum
1270 1894 1312 1926 ’76

803 1933 890 1966 inter
913 1938 1024 1968 cetera
1051 1936 1114 1969 105

804 1978 1043 2013 chiramaxium
1069 1981 1110 2014 28

804 2023 913 2057 cicaro
938 2035 1031 2058 meus
1056 2027 1100 2059 46
1125 2028 1163 2060 71

803 2068 902 2102 clavo
929 2070 1071 2103 tabulari
1097 2070 1198 2105 fixum
1225 2076 1277 2106 est
1302 2076 1343 2108 75

802 2114 835 2146 in
861 2114 970 2148 medio
996 2115 1085 2149 clivo
1111 2116 1262 2151 laborare
1287 2120 1329 2152 47
1368 2118 1479 2153 lassus

848 2162 1006 2203 tanquam
1032 2162 1183 2195 caballus
1207 2163 1240 2195 in
1266 2164 1355 2197 clivo
1382 2166 1446 2198 134

803 2205 975 2239 coctiones
1002 2208 1044 2241 14
1071 2209 1109 2240 15

800 2260 875 2283 cum
884 2261 1081 2295 essescapo,
1105 2262 1187 2286 coco
1212 2264 1294 2287 coco
1310 2256 1352 2288 59
1374 2265 1479 2290 cucu-

843 2298 918 2328 rire
939 2297 1075 2329 solebas

799 2344 951 2374 coctores
969 2343 1011 2376 95
1047 2341 1107 2383 (ol'.
1129 2343 1211 2377 CIL.
1226 2343 1281 2376 IV
1292 2344 1392 2388 1658)
1407 2357 1480 2379 ser-

845 2389 881 2418 vi
904 2384 1057 2424 sortasse
1082 2388 1254 2421 culinarii

805 2430 832 2462 si
859 2441 920 2464 nos
946 2432 1061 2466 coleos
1086 2433 1286 2468 haberemus
1309 2437 1354 2470 44

804 2475 940 2509 colubra
966 2480 1087 2511 restem
1114 2488 1181 2512 non
1205 2480 1293 2523 parit
1317 2483 1359 2514 45

804 2531 865 2554 acu
890 2523 1072 2556 comatoria
1098 2525 1136 2557 21

804 2570 972 2608 computa,
998 2571 1031 2601 et
1057 2568 1115 2602 tibi
1140 2568 1218 2613 plus
1235 2569 1279 2604 do
1297 2581 1397 2614 quam
1423 2582 1478 2606 ac-

848 2611 921 2654 cepi
947 2613 990 2646 46

1188 2673 1209 2705 9
