1728 2886
219 107 238 145 1
246 107 298 146 40
531 143 534 147 ,
847 108 1040 144 GARMINA

370 279 457 319 Huc
477 279 568 327 huc,
586 279 764 331 quisquis
785 293 839 328 es,
860 281 900 320 in
923 280 985 320 dei
1006 280 1143 321 salacis

311 366 316 372 .
371 335 518 375 deverti
539 347 654 388 grave
677 349 728 376 ne
748 343 842 389 puta
863 337 1062 377 sacellum.

371 398 410 432 et
430 393 462 433 si
484 398 603 432 nocte
623 393 696 434 fuit
715 394 844 445 puella
865 400 1008 442 tecum,

370 450 443 489 hac
464 462 507 489 re
529 449 634 501 quod
656 456 805 490 metuas
825 451 943 498 adire,
968 464 1049 490 non
1071 456 1140 491 est.

297 513 316 544 5
375 506 476 547 istuc
497 506 699 547 caelitibus
720 507 833 547 datur
853 508 1016 548 severis:

374 576 447 603 nos
467 575 615 616 vappae
635 577 770 604 sumus
791 570 830 604 et
849 564 988 616 pusilla
1010 564 1103 604 culti

370 620 474 660 ruris
495 620 671 669 numina,
693 633 767 660 nos
787 621 938 672 pudore
958 621 1072 673 pulso

371 683 518 717 stamus
539 676 613 716 sub
635 677 723 716 love
746 677 864 717 coleis
885 678 1043 729 apertis.

375 746 471 786 ergo
494 733 660 785 quilibet
679 734 756 773 huc
777 733 909 774 licebit
929 735 1050 774 intret

278 797 314 830 10
372 791 486 843 nigra
502 790 666 831 fornicis
687 790 831 831 oblitus
851 791 988 830 favilla.

374 947 591 988 Commisso
611 948 707 988 mihi
729 962 810 989 non
832 949 924 989 satis
945 950 1140 990 modestas

375 1005 601 1057 quicunque
623 1005 796 1045 attulerit
815 1018 954 1046 manus
975 1006 1112 1058 agello,

373 1062 406 1102 is
427 1073 490 1101 me
511 1062 654 1102 sentiet
675 1074 760 1103 esse
782 1076 863 1102 non
885 1063 1113 1115 spadonem.

374 1119 477 1158 dicat
496 1118 661 1159 forsitan
682 1119 778 1159 haec
799 1119 873 1160 sibi
894 1120 998 1172 ipse:
1022 1123 1152 1159 ‘nemo

298 1184 316 1214 5
373 1176 438 1215 hic
461 1175 564 1215 inter
584 1175 748 1216 frutices
768 1176 855 1216 loco
878 1182 1029 1216 remoto

372 1231 573 1286 percisum
594 1232 693 1272 sciet
713 1245 799 1274 esse
820 1233 908 1282 me’,
930 1233 998 1273 sed
1020 1238 1145 1273 errat:

375 1289 529 1342 magnis
549 1289 715 1330 testibus
734 1290 810 1331 ista
829 1303 892 1330 res
913 1296 1064 1342 agetur.

898 1391 983 1431 XVI

375 1459 566 1506 Qualibus
587 1459 858 1512 Hippomenes
878 1459 1008 1512 rapuit
1029 1459 1274 1500 Schoeneida
1295 1459 1434 1511 pomis,

428 1515 609 1568 qualibus
631 1516 893 1568 Hesperidum
915 1515 1059 1556 nobilis
1079 1517 1218 1556 hortus
1239 1522 1334 1564 erat,

376 1573 504 1625 qualia
526 1572 713 1613 credibile
736 1578 796 1613 est
815 1573 1050 1625 spatiantem
1071 1585 1164 1613 rure
1183 1578 1350 1626 paterno

426 1630 655 1670 Nausicaam
677 1630 796 1682 pleno
819 1642 936 1683 saepe
956 1630 1092 1671 tulisse
1114 1630 1218 1678 sinu,

299 1694 317 1726 5
377 1687 491 1738 quale
512 1687 587 1726 suit
607 1687 750 1726 malum
773 1687 878 1738 quod
900 1687 1030 1727 littera
1049 1687 1177 1740 pinxit
1196 1686 1350 1735 Aconti,

428 1755 505 1795 qua
526 1743 626 1783 lecta
647 1744 790 1796 cupido
813 1750 925 1796 pacta
945 1743 1075 1796 puella
1095 1744 1178 1784 viro
1201 1749 1281 1784 est:

375 1800 465 1840 talia
487 1813 645 1852 cunque
666 1813 767 1853 puer
787 1800 972 1841 dominus
993 1800 1170 1841 florentis
1191 1800 1303 1853 agelli

428 1857 616 1909 imposuit
637 1870 810 1906 mensae,
832 1857 937 1897 nude
959 1858 1111 1910 Priape,
1132 1864 1235 1898 tuae.

377 2015 478 2062 Quid
501 2028 656 2056 mecum
677 2016 760 2065 tibi,
783 1958 960 2056 circitiity
962 1959 1155 2056 i11101este?
1199 2012 1202 2014 ’

376 2073 422 2112 ad
444 2084 506 2113 me
528 2073 621 2125 quid
641 2072 828 2125 prohibes
847 2072 980 2112 venire
1001 2070 1155 2112 furem?

376 2129 546 2179 accedat,
568 2130 673 2170 sine:
695 2130 818 2170 laxior
838 2129 992 2169 redibit.

881 2230 1003 2270 XVIII

378 2287 641 2328 Commoditas
660 2288 757 2327 haec
778 2293 836 2328 est
854 2287 895 2327 in
918 2294 1054 2327 nostro
1074 2286 1241 2327 maxima
1260 2298 1376 2339 pene,

428 2344 512 2384 laxa
532 2344 637 2396 quod
659 2357 744 2385 esse
765 2344 858 2384 mihi
879 2344 1025 2384 femina
1046 2344 1151 2384 nulla
1171 2349 1311 2396 potest.

340 2444 423 2478 Xllll
448 2447 470 2478 4
494 2443 585 2478 adire
610 2444 681 2478 noli
705 2444 797 2488 lapis
819 2443 999 2478 Romanus
1028 2446 1091 2488 qui
1124 2447 1237 2478 totum
1261 2445 1327 2477 hoe
1351 2451 1507 2478 carmen
1519 2442 1661 2475 emhibet
1691 2449 1694 2451 ’

227 2491 264 2522 in
290 2500 357 2532 quo
382 2501 488 2523 versu
515 2492 555 2524 10
580 2489 697 2523 fabilla
727 2492 899 2532 scriptum
924 2493 983 2530 est,
1008 2490 1087 2523 vide
1109 2489 1366 2533 ephemeridem
1390 2488 1659 2532 epigrapkioam
1686 2487 1694 2519 ξ

228 2535 285 2568 IV
300 2545 334 2577 p.
352 2534 420 2569 268
437 2535 448 2578 ΙΙ
466 2534 527 2568 XV
545 2536 565 2570 6
583 2534 750 2580 precisum
770 2534 782 2579 ΙΙ
798 2534 873 2568 XVI
890 2536 910 2568 2
923 2534 1156 2578 Hesperidum]
1181 2533 1394 2579 hypomenes
1419 2544 1464 2567 σω
1486 2542 1592 2569 vorm
1610 2533 1626 2567 1
1649 2530 1654 2577 Ι
1684 2534 1690 2558 2

229 2582 246 2613 7
272 2580 535 2632 qualiacumque
551 2581 630 2635 pius
647 2581 759 2614 codem
775 2581 1042 2614 Laurentianus
1057 2581 1180 2614 multis
1194 2580 1340 2614 melior.-
1365 2578 1520 2621 fortasse
1541 2577 1666 2623 qualia
1677 2591 1689 2625 ᾗ

228 2634 362 2669 cunque
387 2625 486 2669 petis,
506 2627 613 2668 prius
637 2626 818 2660 edideram
841 2636 930 2660 nunc
954 2635 1084 2670 pauper
1677 2638 1680 2641 *
