1728 2886
732 141 921 175 SATlRAE
1481 140 1532 178 35

15 261 238 296 0⁴-Hautem
269 262 345 295 tam
378 255 581 307 inaequale
612 262 715 303 erat;
754 267 844 294 nam
885 256 1002 295 modo
1032 255 1283 295 Fortunatam
1323 255 1533 303 verebatur,

109 313 225 352 modo
245 313 290 351 ad
314 319 490 351 naturam
510 323 620 352 suam
640 311 920 351 revertebatur.

222 375 259 408 et
289 369 402 421 plane
433 367 690 420 interpellavit
718 368 938 408 saltationis
969 367 1169 407 libidinem
1211 367 1427 414 actuarius,
1465 369 1530 419 qui
1548 371 1600 411 53

107 431 293 477 tanquam
325 425 434 465 urbis
462 430 545 464 acta
567 424 760 464 recitavit:
784 424 876 463 ‘VIL
899 424 1083 464 kalendas
1103 425 1278 465 sextiles:
1309 425 1348 464 in
1371 425 1531 475 praedio

46 491 79 523 -5
108 482 295 529 Cumano,
313 482 416 533 quod
434 486 492 520 est
502 480 813 527 Trimalchionis,
828 481 908 520 nati
925 487 1018 520 sunt
1033 482 1144 532 pueri
1157 481 1272 528 XXX,
1284 481 1434 532 puellae
1444 481 1532 531 XL;

107 538 257 578 sublata
274 539 313 578 in
331 538 516 578 horreum
535 550 580 577 ex
597 549 686 576 area
702 536 820 576 tritici
836 537 952 576 millia
971 537 1143 576 modium
1161 538 1375 588 quingenta
1386 550 1397 587 ;
1414 537 1531 578 boves

107 595 242 634 domiti
264 594 481 647 quingenti.
522 594 658 633 eodem
688 593 770 632 die:
802 593 1044 633 Mithridates
1072 605 1206 633 servus
1226 594 1264 632 in
1288 606 1446 633 crucem
1468 607 1533 633 ac-

108 657 171 692 tus
201 658 280 698 est,
311 652 399 703 quia
421 650 489 690 Gai
512 651 636 690 nostri
657 650 774 702 genio
796 650 894 689 male
915 650 1075 690 dixerat.
1117 651 1255 690 eodem
1286 650 1366 689 die:
1399 650 1438 689 in
1468 663 1531 690 ar-

109 720 191 748 cam
213 709 377 748 relatum
409 713 484 753 est,
517 708 619 758 quod
651 706 833 746 collocari
855 719 935 746 non
958 707 1098 758 potuit,
1127 706 1349 747 sestertium
1370 707 1530 747 centies.

14 791 15 794 =
38 772 77 805 10
106 765 242 804 eodem
260 765 340 804 die:
363 763 587 803 incendium
609 765 752 802 sactum
774 770 832 802 est
852 763 890 802 in
913 763 1037 803 hortis
1053 763 1313 815 Pompeianis,
1332 769 1461 803 ortum
1483 777 1530 803 ex

108 821 269 861 aedibus
288 822 426 860 Nastae
459 820 585 859 vilici'.
627 818 774 871 ‘quid‘?'
814 819 944 870 inquit
970 819 1203 859 Trimalchio
1235 820 1405 871 ‘quando
1435 820 1527 860 mihi

107 877 335 929 Pompeiani
356 877 458 916 horti
489 877 609 927 empti
630 874 762 915 sunt?'
802 880 918 915 ‘anno
940 876 1085 927 priore'
1106 877 1234 928 inquit
1263 877 1457 916 actuarius
1479 880 1531 916 ‘et

107 934 195 973 ideo
210 934 249 972 in
267 934 459 972 rationem
474 932 651 971 nondum
667 932 886 972 venerunt.'
908 933 1117 972 excanduit
1127 933 1360 972 Trimalchio
1377 939 1416 972 et
1429 933 1529 984 ‘qui-

107 989 276 1041 cunque’
297 989 423 1040 inquit
443 989 550 1028 ‘mihi
572 989 682 1027 fundi
703 989 822 1039 empti
845 988 1004 1036 fuerint,
1027 989 1101 1028 nisi
1123 990 1225 1028 intra
1245 995 1395 1029 sextum
1418 1002 1527 1029 men-

32 1053 80 1086 15
107 1058 187 1086 sem
209 1046 355 1093 sciero,
387 1046 428 1084 in
459 1044 632 1084 rationes
661 1057 766 1084 meas
796 1045 933 1084 inferri
966 1046 1104 1084 vetuo'.
1153 1046 1228 1084 iam
1258 1045 1373 1085 etiam
1404 1046 1528 1085 edicta

105 1102 284 1143 aedilium
314 1101 581 1141 recitabantur
610 1107 648 1140 et
676 1101 950 1141 saltuariorum
980 1107 1232 1148 testamenta,
1273 1101 1414 1153 quibus
1443 1102 1528 1141 Tri-

46 1191 47 1194 η
105 1159 269 1199 malchio
292 1171 378 1198 cum
402 1158 527 1210 elogio
549 1157 877 1206 exheredabatur3
909 1158 984 1197 iam
1005 1158 1163 1197 nomina
1184 1158 1386 1198 vilicorum
1407 1164 1446 1197 et
1465 1171 1527 1198 re-

105 1216 259 1268 pudiata
282 1228 302 1255 a
325 1215 505 1255 circitore
525 1214 661 1254 liberta
681 1215 720 1254 in
744 1214 980 1254 balneatoris
1001 1215 1263 1254 contubernio
1285 1215 1527 1267 deprehensa

106 1278 145 1312 et
164 1272 344 1312 atriensis
365 1271 474 1311 Baias
494 1271 709 1323 relegatus;
740 1272 814 1310 iam
846 1283 937 1310 reus
957 1271 1081 1311 factus
1102 1272 1350 1323 dispensator
1371 1277 1409 1311 et
1429 1272 1526 1310 iudi-

27 1330 77 1364 2'20
104 1329 206 1369 cium
229 1329 332 1368 inter
351 1327 611 1368 cubicularios
632 1333 774 1367 actum.

217 1385 475 1437 petauristarii
505 1390 634 1424 autem
665 1385 821 1423 tandem
851 1390 1057 1423 venerunt.
1118 1383 1214 1423 haro
1245 1384 1527 1425 insulsissimus

106 1453 194 1481 cum
225 1442 339 1481 scalis
369 1441 545 1481 constitit
576 1453 820 1492 puerumque
850 1440 961 1480 iussit
981 1453 1053 1492 per
1072 1441 1215 1492 gradus
1245 1446 1284 1480 et
1312 1441 1352 1480 in
1374 1453 1526 1481 summa

106 1503 216 1550 parte
238 1499 368 1538 odaria
390 1498 527 1537 saltare
541 1527 550 1544 ,
573 1498 739 1537 circulos
760 1497 900 1536 deinde
921 1497 1102 1536 ardentes
1122 1497 1317 1536 transilire
1338 1503 1377 1537 et
1397 1497 1524 1536 denti-

104 1555 179 1594 bus
208 1555 432 1606 amphoram
462 1554 668 1593 sustinere.
709 1553 923 1592 mirabatur
950 1553 1048 1592 haec
1077 1553 1182 1593 solus
1202 1553 1437 1593 Trimalchio
1467 1554 1526 1593 di-

36 1612 74 1647 25
103 1610 292 1662 cebatque
313 1611 510 1662 ingratum
531 1610 734 1650 artificium
766 1622 862 1649 esse.
902 1615 1077 1649 ceterum
1107 1611 1185 1649 duo
1216 1622 1300 1650 esse
1330 1610 1370 1649 in
1406 1610 1525 1651 rebus

104 1667 302 1713 humanis,
334 1679 431 1718 quae
453 1666 708 1706 libentissime
738 1672 951 1718 spectaret,
982 1666 1275 1718 petauristarios
1296 1672 1334 1706 et
1355 1667 1526 1706 cornici-

106 1736 197 1772 nes;
227 1724 376 1774 reliqua
407 1723 628 1773 [animalia]
667 1728 884 1762 acroamata
916 1722 1032 1762 tricas
1061 1735 1187 1762 meras
1218 1735 1314 1762 esse.
1356 1727 1458 1762 ‘nam
1489 1731 1525 1762 et

104 1780 324 1819 comoedos'
346 1780 473 1831 inquit
495 1782 697 1827 ‘emeram,
729 1780 793 1819 sed
817 1779 934 1818 malui
956 1779 1042 1819 illos
1063 1779 1294 1819 Atellaniam
1317 1780 1464 1828 facere,
1487 1787 1526 1819 et

104 1837 316 1876 choraulen
339 1848 469 1875 meum
492 1836 585 1875 iussi
606 1836 743 1875 Latine
765 1835 950 1875 cantare.'

35 1893 75 1928 ⁸⁰
215 1905 303 1932 cum
324 1893 489 1932 maxime
510 1893 606 1931 haec
626 1892 780 1932 dicente
802 1892 895 1931 Gaio
916 1903 1017 1943 puer
1538 1895 1592 1934 54

101 1949 401 1990 Trimalchionis
416 1949 597 2001 delapsus
618 1955 687 1988 est.
729 1948 984 1989 conclamavit
1002 1948 1157 1995 familia,
1181 1960 1253 1987 nec
1275 1948 1406 1987 minus
1426 1960 1523 1987 con-

102 2007 218 2054 vivae,
241 2019 319 2045 non
342 2011 506 2057 propter
525 2005 723 2045 hominem
746 2011 820 2044 tarn
842 2005 1033 2057 putidum,
1055 2004 1166 2043 cuius
1183 2009 1221 2043 et
1237 2004 1406 2043 cervices
1421 2005 1522 2044 frac-

102 2070 159 2103 tas
177 2063 344 2102 libenter
363 2062 568 2107 vidissent,
601 2063 667 2102 sed
690 2068 852 2114 propter
872 2061 1016 2100 malum
1038 2061 1182 2100 exitum
1205 2072 1347 2107 cenae,
1380 2073 1429 2100 ne
1452 2073 1521 2100 ne-

101 2132 210 2160 cesse
230 2119 421 2159 haberent
439 2119 609 2158 alienum
640 2124 837 2158 mortuum
860 2119 1027 2170 plorare.
1068 2117 1150 2169 ipse
1179 2116 1411 2156 Trimalchio
1434 2129 1521 2156 cum

26 2176 72 2216 ⁵15
100 2176 268 2229 graviter
288 2175 542 2227 ingemuisset
571 2187 768 2227 superque
791 2174 991 2215 brachium
1022 2179 1208 2224 tanquam
1239 2173 1385 2212 laesum
1406 2173 1520 2213 incu-

102 2233 261 2280 buisset,
292 2244 530 2271 concurrere
561 2232 718 2279 medici,
750 2238 787 2271 et
817 2233 918 2271 inter
940 2231 1087 2282 primos
1109 2230 1319 2269 Fortunata
1348 2229 1524 2270 crinibus

103 2289 225 2342 passis
255 2301 343 2328 curn
364 2288 532 2340 scypho,
565 2289 823 2339 miseramque
844 2302 885 2327 se
907 2293 1022 2338 atque
1044 2286 1237 2325 infelicem
1260 2286 1522 2338 proclamavit.

103 2357 191 2386 nam
213 2357 312 2398 puer
332 2345 510 2396 quidem,
542 2345 607 2396 qui
638 2345 850 2390 ceciderat,
882 2343 1113 2384 circumibat
1141 2343 1214 2381 iam
1237 2342 1382 2382 dudum
1404 2343 1522 2395 pedes

104 2409 260 2442 nostros
281 2409 318 2441 et
339 2402 562 2441 missionem
583 2402 756 2453 rogabat.
795 2402 962 2453 pessime
994 2400 1087 2438 mihi
1108 2405 1211 2447 erat,
1244 2411 1292 2438 ne
1315 2399 1373 2438 his
1394 2400 1521 2451 preci-

216 2505 230 2536 1
259 2500 463 2534 fortunatam
495 2511 589 2535 suam
623 2501 852 2534 revertebatur
886 2500 985 2533 modo
1018 2498 1059 2532 ad
1085 2501 1237 2532 naturam
1262 2501 1305 2532 et.
1341 2501 1379 2532 in
1400 2501 1524 2542 priore

103 2549 273 2579 commate
300 2549 405 2588 putes
437 2547 538 2579 aliud
563 2549 750 2590 praeterea
775 2547 920 2578 verbum
953 2545 1119 2577 omissum
1145 2544 1239 2576 velut
1259 2543 1488 2587 indignantem
1513 2544 1524 2575 ΙΙ

105 2591 148 2626 23
173 2591 311 2625 transire
329 2591 341 2634 ΙΙ
358 2594 401 2625 26
420 2592 571 2626 cornices
590 2592 603 2636 ΙΙ
619 2593 660 2626 27
679 2591 915 2624 cromataricas
934 2589 946 2634 ΙΙ
963 2591 1005 2623 28
1023 2588 1096 2631 sed]
1115 2592 1149 2622 et
1169 2589 1175 2632 Ι
1198 2589 1333 2622 atellam
1352 2589 1364 2633 ΙΙ
1382 2591 1423 2624 30
1442 2600 1522 2623 con-

102 2635 161 2675 l'er
182 2635 314 2679 fragm.
332 2636 401 2670 XV

1201 2689 1250 2725 3*
