1780 2892
291 186 344 225 20
891 181 1092 216 PETRONII

224 306 278 348 28
407 301 567 351 longum
599 303 680 337 erat
710 296 862 347 singula
883 296 1075 348 excipere.
1114 295 1244 346 itaque
1265 293 1493 333 intravimus
1513 292 1710 342 balneum,
1724 295 1780 329 HL

293 365 331 399 et
361 358 503 397 sudore
535 354 683 394 calfacti
712 358 912 392 momento
944 351 1135 404 temporis
1165 351 1212 390 ad
1233 350 1409 402 frigidam
1434 349 1595 390 eximus.
1635 350 1712 390 iam

293 413 527 455 Trimalchio
558 415 761 461 unguento
783 410 965 461 perfusus
985 407 1230 459 tergebatur,
1263 419 1342 445 non
1364 406 1510 455 linteis,
1541 406 1607 446 sed
1629 406 1711 459 pal-

294 471 354 511 liis
375 482 421 509 ex
442 469 528 508 lana
548 467 772 507 mollissima
794 466 915 505 factis.
945 471 1027 504 tres
1047 464 1204 504 interim
1225 463 1438 514 iatraliptae
1457 462 1499 501 in
1521 474 1711 515 conspec-

294 534 337 567 tu
370 526 452 565 eius
472 524 681 564 Falernum
711 522 915 575 potabant,
943 519 949 575 Ι
976 527 1122 561 etcum
1153 520 1364 572 plurimum
1385 519 1556 559 rixantes
1585 519 1713 559 effun-
1742 521 1762 554 5

296 584 447 630 derent,
467 580 701 620 Trimalchio
723 580 798 619 hoc
819 590 933 619 suum
953 577 1184 630 propinasse
1205 575 1370 616 dicebat.
1386 574 1391 629 Ι
1408 575 1501 615 hinc
1517 575 1715 616 involutus
1728 579 1780 614 HL

298 639 458 680 coccina
488 649 654 690 gausapa
679 637 837 676 lecticae
857 634 1063 687 impositus
1084 639 1142 674 est
1160 632 1487 685 praecedentibus
1506 631 1715 684 phaleratis

298 694 524 736 cursoribus
545 699 729 746 quattuor
750 698 788 732 et
809 691 1056 738 chiramaxio,
1078 690 1117 729 in
1140 702 1219 741 quo
1241 689 1402 728 deliciae
1422 688 1506 728 eius
1519 687 1715 728 veheban-

297 758 375 801 tur,
396 763 495 804 puer
514 751 683 798 vetulus,
706 749 852 800 lippus,
874 748 1033 787 domino
1055 746 1343 786 Trimalchione
1364 744 1587 785 deformior.
1627 756 1716 785 cum

300 820 393 859 ergo
415 808 657 854 auferretur,
679 806 725 845 ad
748 811 864 857 caput
885 805 968 844 eius
990 803 1294 856 symphoniacus
1314 813 1403 841 cum
1424 801 1596 842 minimis
1614 800 1719 842 tibiis
1747 801 1780 836 1⁰

300 865 461 904 accessit
482 869 520 902 et
539 869 723 914 tanquam
747 861 787 901 in
813 874 945 901 aurem
970 860 1113 911 aliquid
1134 865 1284 900 secreto
1302 858 1461 906 diceret,
1481 863 1563 897 toto
1580 857 1719 898 itinere

300 920 478 960 cantavit.

413 975 615 1027 sequimur
647 987 718 1015 nos
738 974 993 1014 admiratione
1023 973 1098 1012 iam
1119 971 1238 1012 saturi
1260 977 1298 1011 et
1318 983 1407 1010 cum
1428 970 1721 1022 Agamemnone

302 1034 347 1073 ad
370 1033 524 1072 ianuam
546 1031 807 1084 pervenimus,
834 1029 840 1084 Ι
866 1031 905 1069 in
929 1030 1039 1070 cuius
1060 1035 1171 1081 poste
1193 1028 1347 1067 libellus
1368 1033 1451 1067 erat
1466 1039 1555 1067 cum
1572 1028 1644 1067 hac
1660 1027 1721 1066 in·
1735 1032 1771 1066 H

300 1089 519 1142 scriptione
541 1089 661 1127 fixus:
684 1087 873 1139 ‘quisquis
894 1098 1028 1126 servus
1048 1086 1132 1125 sine
1153 1085 1350 1124 dominico
1372 1084 1480 1124 iussu
1499 1084 1603 1124 foras
1619 1083 1722 1123 exie·
1753 1091 1780 1125 15

305 1146 369 1194 rit,
391 1145 556 1197 accipiet
575 1144 706 1196 plagas
728 1143 911 1183 centum'.
940 1144 946 1192 Ι
972 1143 1011 1182 in
1035 1142 1138 1182 aditu
1155 1147 1284 1180 autem
1301 1141 1386 1193 ipso
1404 1139 1528 1180 stabat
1543 1139 1780 1180 ostiariusHl

303 1202 524 1255 prasinatus
537 1231 546 1249 ,
568 1201 746 1240 cerasino
767 1200 990 1240 succinctus
1011 1198 1167 1249 cingulo
1180 1228 1189 1245 ‚
1211 1205 1327 1249 atque
1348 1197 1387 1237 in
1409 1197 1521 1236 lance
1541 1202 1725 1248 argentea

304 1259 434 1311 pisum
463 1257 667 1310 purgabat.
708 1269 826 1308 super
856 1256 974 1295 limen
1006 1261 1134 1295 autem
1166 1267 1279 1294 cavea
1299 1253 1496 1306 pendebat
1515 1265 1652 1302 aurea,
1682 1252 1724 1293 in

238 1321 292 1362 29
306 1328 382 1368 qua
403 1315 489 1367 pica
509 1314 611 1353 varia
632 1314 822 1353 intrantes
842 1312 1043 1353 salutabat.
1084 1316 1255 1351 ceterum
1278 1323 1351 1362 ego
1371 1311 1464 1350 dum
1485 1309 1614 1350 omnia
1643 1315 1726 1350 stu-

306 1385 403 1425 peo,
425 1383 550 1423 paene
579 1370 828 1422 resupinatus
855 1381 968 1408 crura
999 1381 1082 1408 mea
1104 1368 1214 1419 fregi.
1255 1368 1301 1406 ad
1323 1367 1518 1407 sinistram
1540 1366 1645 1406 enim
1666 1366 1728 1406 in·
1757 1367 1780 1402 2⁴

306 1427 501 1467 trantibus
523 1440 602 1466 non
625 1426 741 1477 longe
763 1426 809 1465 ab
833 1426 976 1465 ostiarii
999 1425 1093 1464 cella
1115 1425 1222 1464 canis
1237 1424 1389 1475 iugens,
1411 1428 1547 1463 catena
1562 1422 1729 1471 vinctus,

309 1485 349 1524 in
380 1484 528 1536 pariete
559 1489 642 1523 erat
670 1483 798 1534 pictus
827 1494 1025 1534 superque
1055 1482 1239 1533 quadrata
1268 1481 1378 1520 litera
1408 1480 1596 1531 scriptum
1618 1482 1730 1520 ‘cave

309 1552 446 1580 canem
459 1540 479 1578 ’.
521 1545 560 1579 et
589 1539 760 1590 collegae
790 1539 948 1590 quidem
978 1537 1055 1577 mei
1084 1538 1278 1584 riserunt,
1311 1549 1383 1587 ego
1414 1541 1544 1576 autem
1565 1535 1730 1575 collecto

310 1597 448 1649 spiritu
482 1608 562 1635 non
594 1595 721 1635 destiti
741 1601 866 1634 totum
888 1594 1075 1647 parietem
1096 1594 1291 1645 persequi.
1332 1598 1415 1632 erat
1434 1597 1562 1632 autem
1583 1592 1730 1632 venali-

310 1654 413 1693 cium
436 1665 520 1693 cum
541 1651 663 1692 titulis
683 1652 852 1704 pictum,
875 1656 913 1690 et
933 1651 1017 1703 ipse
1038 1650 1272 1690 Trimalchio
1295 1649 1497 1701 capillatus
1517 1648 1730 1688 caduceum
1759 1649 1780 1683 2

309 1709 468 1749 tenebat
488 1708 740 1760 Minervaque
770 1708 938 1747 ducente
958 1707 1122 1746 Romam
1144 1706 1325 1746 intrabat.
1365 1706 1458 1745 hinc
1478 1705 1731 1757 quemadmo-

309 1767 402 1806 dum
445 1765 667 1804 ratiocinari
706 1764 923 1812 didicisset,
963 1764 1133 1815 denique
1172 1763 1417 1815 dispensator
1454 1762 1579 1802 factus
1616 1767 1742 1803 esset.

311 1821 443 1862 omnia
464 1821 672 1872 diligenter
693 1821 870 1860 curiosus
890 1821 1017 1872 pictor
1037 1831 1126 1859 cum
1147 1819 1406 1871 inscriptione
1426 1817 1656 1858 reddiderat.
1691 1817 1732 1858 in

313 1878 519 1918 deficiente
548 1889 641 1917 vero
672 1877 746 1916 iam
776 1877 932 1929 porticu
961 1876 1130 1916 levatum
1159 1882 1292 1915 mento
1323 1875 1363 1915 in
1394 1874 1567 1914 tribunal
1603 1874 1733 1914 excel-

313 1947 399 1975 sum
435 1934 651 1974 Mercurius
689 1933 876 1986 rapiebat.
915 1938 1070 1985 praesto
1110 1938 1192 1972 erat
1231 1932 1403 1971 Fortuna
1444 1942 1570 1970 cornu
1608 1930 1735 1971 abun·
1763 1930 1780 1964 ³

314 1991 421 2031 danti
462 1990 618 2042 copiosa
658 1996 696 2030 et
735 1996 814 2029 tres
845 1990 987 2029 Parcae
1025 2001 1141 2029 aurea
1172 2000 1292 2040 pensa
1322 1992 1565 2039 torquentes.
1605 1986 1736 2027 notavi

315 2048 433 2088 etiam
453 2047 493 2086 in
515 2046 669 2098 porticu
690 2058 849 2098 gregem
870 2057 1075 2086 cursorum
1098 2057 1186 2084 cum
1208 2044 1391 2097 magistro
1412 2056 1454 2083 se
1474 2049 1736 2084 exercentem.
1767 2078 1769 2080 .

315 2109 517 2156 praeterea
548 2103 695 2154 grande
725 2103 936 2142 armarium
967 2102 1006 2141 in
1037 2102 1181 2153 angulo
1211 2101 1308 2150 vidi,
1348 2101 1386 2140 in
1419 2100 1531 2140 cuius
1564 2100 1738 2141 aedicula

317 2166 431 2199 erant
459 2160 578 2199 Lares
608 2159 783 2211 argentei
813 2159 928 2211 positi
950 2158 1193 2209 Venerisque
1223 2158 1378 2210 signum
1407 2168 1670 2197 marmoreum
1699 2161 1738 2197 et

316 2217 430 2312 (pyxils)
458 2228 576 2256 aurea
607 2229 687 2255 non
718 2215 877 2268 pusilla,
908 2215 948 2254 in
980 2227 1055 2266 qua
1086 2214 1246 2254 barbam
1275 2214 1397 2266 ipsius
1426 2213 1623 2253 conditam
1652 2225 1738 2254 esse
1765 2211 1780 2246 ἓ

345 2286 402 2313 ice
433 2278 512 2313 ant.

433 2386 675 2437 interrogare
691 2395 783 2436 ergo
801 2383 1009 2424 atriensem
1026 2383 1149 2435 coepi,
1172 2395 1267 2435 quas
1282 2382 1322 2422 in
1345 2381 1472 2432 medio
1486 2382 1658 2441 picturas
1672 2381 1741 2422 ha-

437 2544 456 2575 5
482 2540 643 2574 bibebant
656 2541 685 2573 L
703 2540 715 2583 ΙΙ
731 2541 751 2574 8
770 2539 961 2573 ferebantur
975 2540 1004 2572 L
1019 2539 1031 2583 ΙΙ
1053 2541 1092 2574 10
1119 2549 1192 2572 cum
1210 2538 1357 2572 minimis
1373 2538 1638 2582 symphoniacus
1654 2535 1668 2582 [Ι
1701 2537 1743 2572 16

324 2592 436 2620 autem
462 2597 528 2620 om.
553 2586 582 2618 L
599 2586 611 2630 ΙΙ
632 2588 670 2620 17
697 2585 792 2619 lance
829 2595 895 2618 om.
920 2584 980 2628 ΗΙΙ
1001 2587 1041 2619 19
1078 2584 1120 2618 ad
1156 2584 1267 2617 omnia
1292 2583 1546 2628 Heinsius-1127
1582 2581 1659 2616 dein
1690 2581 1746 2615 vol

323 2631 445 2666 deinde
469 2631 498 2664 L
514 2630 526 2676 ΙΙ
546 2632 587 2665 31
614 2630 751 2674 copiosa
775 2631 1003 2673 expungebat
1029 2629 1172 2663 Goexius
1203 2640 1271 2672 quo
1301 2628 1398 2669 facto
1421 2627 1644 2662 scribendum
1667 2637 1744 2662 cum

325 2688 439 2711 cornu.
474 2687 522 2710 an
546 2677 750 2719 conspicua?
768 2675 781 2720 ΙΙ
798 2677 843 2710 34
866 2685 1088 2709 marmoreum
1112 2674 1259 2718 positum
1284 2678 1319 2708 et
1341 2674 1377 2707 H
1389 2673 1403 2718 ΙΙ
1419 2675 1460 2709 37
1485 2683 1550 2717 ego
1574 2672 1604 2706 L
