1728 2886
1663 0 1702 195 {ww

1686 194 1701 233 ,4224-

230 128 284 167 58
845 126 1050 161 PssrnoNn

228 242 331 282 idem
353 242 508 291 liceret,
539 241 684 281 mutavi
705 241 908 293 optionem
941 246 980 281 et
1012 241 1069 282 “si
1090 241 1222 281 hunc''
1242 241 1404 294 inquam
1427 243 1670 283 “tractavero

231 299 411 351 improba
431 311 574 347 manu,
605 303 645 337 et
663 297 729 337 ille
751 310 831 338 non
853 298 1036 347 senserit,
1058 298 1181 351 gallos
1200 298 1438 350 gallinaceos
1458 299 1687 352 pugnacis-s

228 356 348 396 simos
378 355 478 395 duos
508 353 666 395 donabo
697 354 900 407 patienti”.
941 355 987 395 ad
1018 355 1095 395 hoc
1124 361 1257 395 votum
1288 356 1467 408 ephebus
1495 356 1599 397 ultro
1628 351 1703 419 sega*

228 412 398 452 admovit
417 418 466 460 et,
489 418 599 464 puto,
621 411 748 451 vereri
769 412 920 464 coepit,
952 424 1003 452 ne
1033 425 1107 464 ego
1138 411 1487 453 obdormiscerem.
1527 413 1686 469 indulsi'ff

229 482 324 521 ergo
345 469 526 517 sollicito,
550 474 713 520 totoque
735 481 904 521 corpore
926 469 1023 508 citra
1045 481 1237 509 summam
1266 469 1506 522 voluptatem
1526 482 1590 510 me
1610 468 1703 519 in-‚q

226 525 432 578 gurgitavi.
472 525 614 565 deinde
644 531 689 564 ut
718 525 800 566 dies
829 526 956 573 venit,
987 526 1099 566 attuli
1128 526 1314 579 gaudenti
1344 526 1451 579 quod
1478 526 1703 579 promise-2.

226 595 324 622 ram.
365 588 408 623 ut
428 582 542 622 tertia
565 595 643 622 nox
664 582 862 622 licentiam
885 582 1003 631 dedit,
1029 583 1263 623 consurrexi

228 639 275 678 ad
305 651 443 679 aurem
479 639 580 678 male
611 639 843 679 dormientis
875 639 979 679 “dii''
1010 639 1170 691 inquam
1204 639 1493 689 “immortales,
1530 639 1563 680 si
1597 651 1690 694 egon

227 696 319 736 huic
340 696 550 736 dormienti
580 695 780 735 abstulero
801 696 950 735 coitum
980 696 1144 747 plenum
1173 702 1213 736 et
1243 695 1475 748 optabilem,
1506 709 1579 749 pro
1600 696 1691 738 hac?-

226 752 413 792 felicitate
434 765 520 792 cras
540 764 666 805 puero
687 758 939 792 asturconem
961 753 1258 792 Macedonicum
1281 753 1474 805 optimum
1503 752 1701 804 donabo„

228 821 318 848 cum
350 809 423 849 hac
452 814 583 848 tamen
616 809 863 861 exceptione,
894 809 927 849 si
956 809 1021 849 ille
1043 822 1123 850 non
1146 809 1352 852 senserit”.
1390 822 1594 862 nunquam
1615 810 1686 850 al-³

226 866 328 905 tiore
348 878 488 905 somno
511 864 690 918 ephebus
711 865 960 906 obdormivit.
1000 867 1132 918 itaque
1151 867 1323 919 primum
1345 866 1502 919 implevi
1522 867 1703 921 lacten-3

226 922 332 962 tibus
353 922 507 974 papillis
527 935 688 971 manus,
720 935 809 962 mox
832 922 942 963 basio
963 922 1134 971 inhaesi,
1166 923 1308 963 deinde
1329 923 1370 963 in
1394 935 1517 964 unum
1539 922 1702 978 omnia3

226 985 313 1018 vota
334 979 536 1019 coniunxi.
578 991 695 1019 mane
725 979 862 1019 sedere
893 979 933 1019 in
965 979 1149 1020 cubiculo
1171 980 1302 1032 coepit
1322 986 1440 1032 atque
1461 986 1702 1033 expectare·-

226 1036 555 1076 consuetudinem
577 1048 716 1075 meam.
757 1036 833 1076 scis
864 1042 1012 1088 quanto
1033 1037 1184 1077 facilius
1204 1037 1273 1086 sit,
1305 1037 1509 1078 columbas
1527 1037 1693 1089 gallosm·

227 1105 305 1144 que
326 1092 564 1144 gallinaceos
584 1105 715 1132 emere
746 1105 862 1145 quam
893 1099 1169 1142 asturconem,
1201 1100 1239 1133 et
1269 1099 1428 1146 praeter
1456 1094 1534 1134 hoc
1554 1094 1703 1138 etiamz

227 1148 436 1197 timebam,
470 1162 521 1189 ne
550 1155 628 1189 tam
659 1150 808 1202 grande
840 1162 986 1190 munus
1017 1156 1240 1203 suspectam
1271 1151 1419 1190 faceret
1448 1151 1706 1202 humanati-2„

226 1211 306 1245 tem
328 1218 469 1246 meam.
511 1219 584 1258 ego
617 1206 767 1258 aliquot
804 1207 913 1246 horis
934 1207 1124 1259 spatiatus
1145 1208 1183 1247 in
1207 1207 1422 1260 hospitium
1444 1207 1587 1248 reverti
1610 1207 1703 1255 υἰ·”’,,;ῗ

226 1262 361 1315 hilque
382 1262 485 1302 aliud
502 1275 620 1314 quam
642 1275 809 1315 puerum
832 1263 990 1303 basiavi.
1031 1270 1069 1303 at
1089 1264 1152 1304 ille
1175 1264 1501 1316 circumspiciens
1521 1270 1567 1304 ut
1582 1270 1685 1308 cer—'2

225 1319 350 1359 vicem
380 1331 506 1359 meam
536 1320 662 1359 vinxit
691 1320 896 1372 amplexu,
930 1321 1080 1373 “rogo’'
1111 1321 1242 1373 inquit
1275 1321 1483 1370 “domine,
1514 1321 1583 1361 ubi
1613 1327 1697 1362 estss-

226 1381 385 1417 asturco
396 1374 441 1415 ?”
1683 1380 1703 1398 9

1672 225 1704 362 ‘xm

938 1447 960 1472 *
1682 1473 1687 1479 .

158 1489 211 1531 87
340 1500 430 1528 cum
462 1489 512 1528 ob
543 1489 646 1528 hanc
675 1490 866 1529 offensam
892 1490 1193 1541 praeclusissem
1223 1490 1317 1530 mihi
1349 1490 1519 1538 aditum,
1550 1502 1703 1542 quem*

226 1545 414 1594 feceram,
455 1546 600 1585 iterum
639 1545 685 1585 ad
726 1546 925 1586 licentiam
962 1547 1073 1586 redii.
1114 1547 1359 1598 interpositis
1397 1547 1503 1587 enim
1533 1547 1701 1601 paucis

225 1602 381 1649 diebus,
413 1614 502 1641 cum
533 1602 814 1654 similisrcasus
845 1615 919 1643 nos
949 1603 991 1643 in
1022 1603 1187 1643 eandem
1220 1604 1420 1644 fortunam
1441 1603 1693 1655 rettulisset,

226 1664 269 1698 ut
288 1658 464 1698 intellexi
483 1665 651 1699 stertere
671 1666 845 1712 patrem,
877 1672 1018 1712 rogare
1040 1660 1152 1712 coepi
1174 1659 1394 1712 ephebum,
1424 1666 1469 1700 ut
1498 1666 1672 1701 reverte·
1702 1706 1704 1708 v

225 1720 337 1754 retur
356 1715 396 1755 in
418 1716 582 1767 gratiam
603 1728 779 1764 mecum,
810 1716 849 1756 id
879 1723 938 1756 est
967 1723 1012 1757 ut
1041 1723 1246 1769 pateretur
1274 1717 1368 1758 satis
1397 1717 1482 1758 fieri
1503 1717 1599 1766 sibi,
1629 1729 1671 1756 er
1699 1718 1703 1760 ζ

223 1776 354 1811 cetera
375 1784 475 1823 quae
506 1772 626 1812 libido
649 1773 817 1812 distenta
838 1773 969 1813 dictat.
1011 1780 1050 1813 at
1079 1774 1143 1814 ille
1163 1774 1280 1826 plane
1301 1774 1424 1815 iratus
1445 1773 1543 1814 nihil
1562 1773 1678 1817 aliud

223 1828 380 1868 dicebat
399 1828 475 1868 nisi
497 1829 593 1869 hoc:
628 1831 722 1869 “aut
751 1829 900 1878 dormi,
933 1836 1001 1870 aut
1031 1843 1104 1882 ego
1127 1831 1202 1870 iam
1232 1831 1359 1871 dicam
1389 1830 1529 1883 patri’'.
1570 1830 1669 1872 nihil
1700 1874 1701 1877 Ἴ

223 1890 283 1924 est
302 1891 380 1924 tam
411 1885 602 1934 arduum,
634 1885 741 1938 quod
771 1899 852 1926 non
884 1886 1116 1939 improbitas
1144 1893 1386 1939 extorqueat.
1426 1887 1521 1928 dum
1552 1887 1704 1928 (Μία

226 1943 404 1993 “patrem
425 1942 650 1991 excitabo”,
680 1942 820 1996 irrepsi
849 1949 981 1984 tamen
1013 1949 1052 1983 et
1081 1944 1182 1984 male
1212 1944 1453 1997 repugnanti
1483 1943 1673 1997 gaudium
1700 1940 1703 1944 ’

223 1998 382 2038 extorsi.
431 2005 470 2038 at
509 1999 573 2039 ille
613 2012 694 2039 non
730 1999 989 2040 indelectatus
1020 2001 1195 2053 nequitia
1225 2013 1329 2050 mea,
1361 2007 1572 2054 postquam
1601 2000 1640 2042 di
1669 2030 1676 2038 ,.

222 2061 385 2106 questus
412 2061 471 2095 est
499 2055 708 2108 deceptum
747 2069 790 2096 se
829 2062 868 2096 et
896 2056 1068 2097 derisum
1099 2057 1403 2110 traductumque
1432 2058 1539 2098 inter
1567 2069 1667 2099 con·
1702 2075 1703 2078 ¹

221 2112 455 2164 discipulos,
487 2113 631 2163 quibus
651 2113 833 2153 iactasset
853 2126 1015 2154 censum
1038 2126 1191 2163 meum,
1225 2114 1394 2155 “videris
1413 2113 1573 2155 tamen”
1602 2114 1682 2156 in-

223 2168 308 2219 quit
340 2170 448 2208 “non
480 2180 549 2209 ero
580 2169 637 2210 tui
668 2169 817 2210 similis.
857 2170 890 2210 si
921 2171 1014 2222 quid
1045 2171 1122 2220 vis,
1163 2172 1224 2211 fac
1253 2170 1436 2211 iterum’'.
1477 2183 1550 2224 ego
1570 2181 1665 2213 vero

221 2225 398 2277 deposita
420 2225 528 2265 omni
550 2226 700 2267 offensa
721 2239 811 2266 cum
834 2239 959 2279 puero
980 2228 1021 2267 in
1042 2228 1207 2279 gratiam
1229 2228 1327 2268 redii
1349 2240 1523 2280 ususque
1542 2227 1668 2271 hene-z

220 2281 309 2321 ficio
340 2282 424 2322 eius
454 2282 494 2322 in
526 2295 710 2323 somnum
740 2283 923 2336 delapsus
959 2296 1059 2324 sum.
1127 2285 1194 2325 sed
1238 2297 1319 2325 non
1351 2284 1425 2325 suit
1453 2289 1618 2326 content
1653 2303 1670 2320 τ

220 2338 427 2378 iteratione
466 2339 644 2391 ephebus
683 2340 824 2392 plenae
862 2341 1098 2382 maturitatis
1137 2347 1177 2382 et
1214 2341 1328 2382 annis
1357 2340 1404 2382 ad
1434 2341 1623 2394 patiendu

220 2394 493 2445 gestientibus.
552 2397 684 2448 itaque
714 2397 894 2437 excitavit
923 2410 986 2437 me
1016 2399 1187 2451 sopitum
1228 2405 1266 2439 et
1297 2397 1515 2450 “numquid
1554 2394 1672 2439 vis?
1699 2430 1705 2447 ;

220 2450 362 2502 inquit.
402 2457 441 2491 et
461 2465 542 2493 non
565 2453 682 2505 plane
704 2454 779 2494 iam
801 2454 1011 2495 molestum
1033 2461 1117 2496 erat
1128 2468 1287 2496 munus.
1318 2460 1524 2507 utcunque
1544 2454 1642 2508 igitu
1700 2462 1701 2499 ἶ

335 2587 357 2619 4
380 2585 626 2620 obdormissem
652 2588 703 2632 116
728 2588 891 2633 quicquid
922 2589 1144 2633 promiseram
1169 2589 1181 2633 ΙΙ
1212 2591 1251 2624 18
1276 2599 1357 2634 ergo
1385 2589 1629 2624 Tor-naeniam
1665 2586 1668 2609 5

221 2630 267 2662 20
291 2630 402 2664 iunxit
418 2630 431 2675 ss
448 2632 492 2664 33
517 2641 654 2666 sensum
673 2632 685 2676 ΙΙ
704 2635 746 2668 39
771 2633 925 2674 fortasse
948 2635 1071 2679 inquit,
1096 2635 1307 2669 etiamnum?
1330 2634 1432 2679 plane
1663 2646 1666 2650 ’
