<?xml version="1.0" encoding="UTF-8"?>
<!DOCTYPE html PUBLIC "-//W3C//DTD XHTML 1.0 Transitional//EN"
    "http://www.w3.org/TR/xhtml1/DTD/xhtml1-transitional.dtd">
<html xmlns="http://www.w3.org/1999/xhtml" xml:lang="en" lang="en">
 <head>
  <title>
</title>
<meta http-equiv="Content-Type" content="text/html;charset=utf-8" />
  <meta name='ocr-system' content='tesseract 3.04.00' />
  <meta name='ocr-capabilities' content='ocr_page ocr_carea ocr_par ocr_line ocrx_word'/>
</head>
<body>
  <div class='ocr_page' id='page_1' title='image "./satiraeetliberpr00petruoft_0159.png"; bbox 0 0 1728 2886; ppageno 0'>
   <div class='ocr_carea' id='block_1_1' title="bbox 0 0 108 1016">
    <p class='ocr_par' dir='ltr' id='par_1_1' title="bbox 0 0 108 1016">
     <span class='ocr_line' id='line_1_1' title="bbox 0 0 108 1016; baseline 0 0"><span class='ocrx_word' id='word_1_1' title='bbox 0 0 108 1016; x_wconf 95' lang='lat' dir='ltr'><strong> </strong></span> 
     </span>
    </p>
   </div>
   <div class='ocr_carea' id='block_1_2' title="bbox 674 135 1484 173">
    <p class='ocr_par' dir='ltr' id='par_1_2' title="bbox 674 135 1484 173">
     <span class='ocr_line' id='line_1_2' title="bbox 674 135 1484 173; baseline 0.004 -3"><span class='ocrx_word' id='word_1_2' title='bbox 674 135 861 171; x_wconf 79' lang='lat' dir='ltr'><strong>PRIAPEA</strong></span> <span class='ocrx_word' id='word_1_3' title='bbox 1404 135 1484 173; x_wconf 85' lang='lat'><strong>155</strong></span> 
     </span>
    </p>
   </div>
   <div class='ocr_carea' id='block_1_3' title="bbox 670 250 877 291">
    <p class='ocr_par' dir='ltr' id='par_1_3' title="bbox 670 250 877 291">
     <span class='ocr_line' id='line_1_3' title="bbox 670 250 877 291; baseline -0.005 0"><span class='ocrx_word' id='word_1_4' title='bbox 670 250 877 291; x_wconf 87' lang='lat' dir='ltr'><strong>LXXVIIII</strong></span> 
     </span>
    </p>
   </div>
   <div class='ocr_carea' id='block_1_4' title="bbox 212 329 1022 552">
    <p class='ocr_par' dir='ltr' id='par_1_4' title="bbox 212 329 1022 552">
     <span class='ocr_line' id='line_1_4' title="bbox 212 329 1022 382; baseline 0 -13"><span class='ocrx_word' id='word_1_5' title='bbox 212 329 362 382; x_wconf 81' lang='lat' dir='ltr'>Priape,</span> <span class='ocrx_word' id='word_1_6' title='bbox 385 329 490 382; x_wconf 92' lang='lat' dir='ltr'><strong>quod</strong></span> <span class='ocrx_word' id='word_1_7' title='bbox 509 330 563 370; x_wconf 90' lang='lat' dir='ltr'><strong>sis</strong></span> <span class='ocrx_word' id='word_1_8' title='bbox 583 330 731 370; x_wconf 86' lang='lat' dir='ltr'><strong>fascino</strong></span> <span class='ocrx_word' id='word_1_9' title='bbox 753 330 879 381; x_wconf 84' lang='lat' dir='ltr'><strong>gravis</strong></span> <span class='ocrx_word' id='word_1_10' title='bbox 898 335 1022 378; x_wconf 83' lang='lat' dir='ltr'><strong>tento,</strong></span> 
     </span>
     <span class='ocr_line' id='line_1_5' title="bbox 215 386 989 439; baseline 0 -13"><span class='ocrx_word' id='word_1_11' title='bbox 215 387 319 438; x_wconf 86' lang='lat' dir='ltr'><strong>quod</strong></span> <span class='ocrx_word' id='word_1_12' title='bbox 341 386 588 439; x_wconf 87' lang='lat' dir='ltr'><strong>exprobravit</strong></span> <span class='ocrx_word' id='word_1_13' title='bbox 607 387 671 426; x_wconf 87' lang='lat' dir='ltr'><strong>hic</strong></span> <span class='ocrx_word' id='word_1_14' title='bbox 690 386 761 426; x_wconf 84' lang='lat' dir='ltr'><strong>tibi</strong></span> <span class='ocrx_word' id='word_1_15' title='bbox 782 399 853 427; x_wconf 91' lang='lat' dir='ltr'><strong>suo</strong></span> <span class='ocrx_word' id='word_1_16' title='bbox 873 398 989 426; x_wconf 87' lang='lat' dir='ltr'><strong>versu</strong></span> 
     </span>
     <span class='ocr_line' id='line_1_6' title="bbox 213 442 965 494; baseline 0 -12"><span class='ocrx_word' id='word_1_17' title='bbox 213 449 328 494; x_wconf 88' lang='lat' dir='ltr'><strong>poeta</strong></span> <span class='ocrx_word' id='word_1_18' title='bbox 348 449 496 491; x_wconf 84' lang='lat' dir='ltr'><strong>noster,</strong></span> <span class='ocrx_word' id='word_1_19' title='bbox 517 442 750 483; x_wconf 88' lang='lat' dir='ltr'><strong>erubescere</strong></span> <span class='ocrx_word' id='word_1_20' title='bbox 770 443 845 482; x_wconf 90' lang='lat' dir='ltr'><strong>hoc</strong></span> <span class='ocrx_word' id='word_1_21' title='bbox 866 442 965 482; x_wconf 89' lang='lat' dir='ltr'><strong>noli:</strong></span> 
     </span>
     <span class='ocr_line' id='line_1_7' title="bbox 215 499 913 552; baseline -0.001 -13"><span class='ocrx_word' id='word_1_22' title='bbox 215 512 295 539; x_wconf 91' lang='lat' dir='ltr'><strong>non</strong></span> <span class='ocrx_word' id='word_1_23' title='bbox 317 512 358 539; x_wconf 86' lang='lat' dir='ltr'><strong>es</strong></span> <span class='ocrx_word' id='word_1_24' title='bbox 378 506 494 552; x_wconf 85' lang='lat' dir='ltr'><strong>poeta</strong></span> <span class='ocrx_word' id='word_1_25' title='bbox 513 499 744 540; x_wconf 84' lang='lat' dir='ltr'><strong>fascinosior</strong></span> <span class='ocrx_word' id='word_1_26' title='bbox 764 505 913 539; x_wconf 85' lang='lat' dir='ltr'><strong>nostro.</strong></span> 
     </span>
    </p>
   </div>
   <div class='ocr_carea' id='block_1_5' title="bbox 709 599 847 639">
    <p class='ocr_par' dir='ltr' id='par_1_5' title="bbox 709 599 847 639">
     <span class='ocr_line' id='line_1_8' title="bbox 709 599 847 639; baseline 0 0"><span class='ocrx_word' id='word_1_27' title='bbox 709 599 847 639; x_wconf 91' lang='lat' dir='ltr'><strong>LXXX</strong></span> 
     </span>
    </p>
   </div>
   <div class='ocr_carea' id='block_1_6' title="bbox 214 667 1431 1115">
    <p class='ocr_par' dir='ltr' id='par_1_6' title="bbox 214 667 1431 1115">
     <span class='ocr_line' id='line_1_9' title="bbox 214 667 1346 719; baseline 0.001 -13"><span class='ocrx_word' id='word_1_28' title='bbox 214 668 263 706; x_wconf 86' lang='lat' dir='ltr'><strong>At</strong></span> <span class='ocrx_word' id='word_1_29' title='bbox 283 679 363 706; x_wconf 89' lang='lat' dir='ltr'><strong>non</strong></span> <span class='ocrx_word' id='word_1_30' title='bbox 385 667 500 719; x_wconf 85' lang='lat' dir='ltr'><strong>longa</strong></span> <span class='ocrx_word' id='word_1_31' title='bbox 522 667 624 707; x_wconf 90' lang='lat' dir='ltr'><strong>bene</strong></span> <span class='ocrx_word' id='word_1_32' title='bbox 646 674 715 715; x_wconf 87' lang='lat' dir='ltr'><strong>est,</strong></span> <span class='ocrx_word' id='word_1_33' title='bbox 737 675 775 707; x_wconf 87' lang='lat' dir='ltr'><strong>at</strong></span> <span class='ocrx_word' id='word_1_34' title='bbox 796 680 876 707; x_wconf 90' lang='lat' dir='ltr'><strong>non</strong></span> <span class='ocrx_word' id='word_1_35' title='bbox 899 667 1002 707; x_wconf 91' lang='lat' dir='ltr'><strong>bene</strong></span> <span class='ocrx_word' id='word_1_36' title='bbox 1022 667 1194 706; x_wconf 82' lang='lat' dir='ltr'><strong>mentula</strong></span> <span class='ocrx_word' id='word_1_37' title='bbox 1216 679 1346 707; x_wconf 86' lang='lat' dir='ltr'><strong>crassa</strong></span> 
     </span>
     <span class='ocr_line' id='line_1_10' title="bbox 267 722 1169 776; baseline 0 -14"><span class='ocrx_word' id='word_1_38' title='bbox 267 730 306 763; x_wconf 84' lang='lat' dir='ltr'><strong>et</strong></span> <span class='ocrx_word' id='word_1_39' title='bbox 326 735 442 774; x_wconf 84' lang='lat' dir='ltr'><strong>quam</strong></span> <span class='ocrx_word' id='word_1_40' title='bbox 462 724 494 763; x_wconf 92' lang='lat' dir='ltr'><strong>si</strong></span> <span class='ocrx_word' id='word_1_41' title='bbox 513 731 668 773; x_wconf 84' lang='lat' dir='ltr'><strong>tractes,</strong></span> <span class='ocrx_word' id='word_1_42' title='bbox 691 736 867 764; x_wconf 85' lang='lat' dir='ltr'><strong>crescere</strong></span> <span class='ocrx_word' id='word_1_43' title='bbox 888 736 1003 776; x_wconf 91' lang='lat' dir='ltr'><strong>posse</strong></span> <span class='ocrx_word' id='word_1_44' title='bbox 1024 722 1169 776; x_wconf 75' lang='lat' dir='ltr'><strong>putes?</strong></span> 
     </span>
     <span class='ocr_line' id='line_1_11' title="bbox 215 780 1186 833; baseline 0 -14"><span class='ocrx_word' id='word_1_45' title='bbox 215 792 274 819; x_wconf 90' lang='lat' dir='ltr'><strong>me</strong></span> <span class='ocrx_word' id='word_1_46' title='bbox 295 780 495 829; x_wconf 88' lang='lat' dir='ltr'><strong>miserum,</strong></span> <span class='ocrx_word' id='word_1_47' title='bbox 517 780 676 833; x_wconf 87' lang='lat' dir='ltr'><strong>cupidas</strong></span> <span class='ocrx_word' id='word_1_48' title='bbox 696 781 792 821; x_wconf 82' lang='lat' dir='ltr'><strong>fallit</strong></span> <span class='ocrx_word' id='word_1_49' title='bbox 812 793 996 820; x_wconf 88' lang='lat' dir='ltr'><strong>mensura</strong></span> <span class='ocrx_word' id='word_1_50' title='bbox 1017 780 1186 833; x_wconf 89' lang='lat' dir='ltr'><strong>puellas:</strong></span> 
     </span>
     <span class='ocr_line' id='line_1_12' title="bbox 267 836 1143 877; baseline 0 -1"><span class='ocrx_word' id='word_1_51' title='bbox 267 850 347 876; x_wconf 88' lang='lat' dir='ltr'><strong>non</strong></span> <span class='ocrx_word' id='word_1_52' title='bbox 370 836 487 876; x_wconf 85' lang='lat' dir='ltr'><strong>habet</strong></span> <span class='ocrx_word' id='word_1_53' title='bbox 505 838 600 877; x_wconf 84' lang='lat' dir='ltr'><strong>haee</strong></span> <span class='ocrx_word' id='word_1_54' title='bbox 620 837 724 877; x_wconf 84' lang='lat' dir='ltr'><strong>aliud</strong></span> <span class='ocrx_word' id='word_1_55' title='bbox 743 837 918 877; x_wconf 85' lang='lat' dir='ltr'><strong>mentula</strong></span> <span class='ocrx_word' id='word_1_56' title='bbox 938 837 1063 877; x_wconf 88' lang='lat' dir='ltr'><strong>maius</strong></span> <span class='ocrx_word' id='word_1_57' title='bbox 1085 850 1143 876; x_wconf 91' lang='lat' dir='ltr'><strong>eo.</strong></span> 
     </span>
     <span class='ocr_line' id='line_1_13' title="bbox 216 893 1431 946; baseline -0.001 -14"><span class='ocrx_word' id='word_1_58' title='bbox 216 893 349 932; x_wconf 86' lang='lat' dir='ltr'><strong>utilior</strong></span> <span class='ocrx_word' id='word_1_59' title='bbox 370 893 523 946; x_wconf 80' lang='lat' dir='ltr'><strong>Tydeus</strong></span> <span class='ocrx_word' id='word_1_60' title='bbox 544 893 623 945; x_wconf 88' lang='lat' dir='ltr'><strong>qui,</strong></span> <span class='ocrx_word' id='word_1_61' title='bbox 645 894 677 934; x_wconf 90' lang='lat' dir='ltr'><strong>si</strong></span> <span class='ocrx_word' id='word_1_62' title='bbox 697 894 790 945; x_wconf 91' lang='lat' dir='ltr'><strong>quid</strong></span> <span class='ocrx_word' id='word_1_63' title='bbox 811 894 937 933; x_wconf 85' lang='lat' dir='ltr'><strong>credis</strong></span> <span class='ocrx_word' id='word_1_64' title='bbox 959 894 1143 942; x_wconf 84' lang='lat' dir='ltr'><strong>Homero,</strong></span> <span class='ocrx_word' id='word_1_65' title='bbox 1412 899 1431 931; x_wconf 88' lang='lat'>5</span> 
     </span>
     <span class='ocr_line' id='line_1_14' title="bbox 266 949 1082 1002; baseline 0.001 -14"><span class='ocrx_word' id='word_1_66' title='bbox 266 949 426 1002; x_wconf 86' lang='lat' dir='ltr'><strong>ingenio</strong></span> <span class='ocrx_word' id='word_1_67' title='bbox 446 962 615 1002; x_wconf 85' lang='lat' dir='ltr'><strong>pugnax,</strong></span> <span class='ocrx_word' id='word_1_68' title='bbox 638 962 804 1002; x_wconf 88' lang='lat' dir='ltr'><strong>corpore</strong></span> <span class='ocrx_word' id='word_1_69' title='bbox 825 962 967 1001; x_wconf 87' lang='lat' dir='ltr'><strong>parvus</strong></span> <span class='ocrx_word' id='word_1_70' title='bbox 989 956 1082 989; x_wconf 87' lang='lat' dir='ltr'><strong>erat.</strong></span> 
     </span>
     <span class='ocr_line' id='line_1_15' title="bbox 215 1005 1203 1058; baseline 0.001 -13"><span class='ocrx_word' id='word_1_71' title='bbox 215 1005 283 1046; x_wconf 87' lang='lat' dir='ltr'><strong>sed</strong></span> <span class='ocrx_word' id='word_1_72' title='bbox 303 1006 431 1058; x_wconf 87' lang='lat' dir='ltr'><strong>potuit</strong></span> <span class='ocrx_word' id='word_1_73' title='bbox 450 1007 591 1046; x_wconf 89' lang='lat' dir='ltr'><strong>damno</strong></span> <span class='ocrx_word' id='word_1_74' title='bbox 614 1007 728 1046; x_wconf 89' lang='lat' dir='ltr'><strong>nobis</strong></span> <span class='ocrx_word' id='word_1_75' title='bbox 748 1007 977 1058; x_wconf 85' lang='lat' dir='ltr'><strong>novitasque</strong></span> <span class='ocrx_word' id='word_1_76' title='bbox 997 1007 1203 1058; x_wconf 89' lang='lat' dir='ltr'><strong>pudorque</strong></span> 
     </span>
     <span class='ocr_line' id='line_1_16' title="bbox 268 1062 1033 1115; baseline 0 -13"><span class='ocrx_word' id='word_1_77' title='bbox 268 1074 365 1111; x_wconf 87' lang='lat' dir='ltr'><strong>esse,</strong></span> <span class='ocrx_word' id='word_1_78' title='bbox 387 1063 638 1115; x_wconf 88' lang='lat' dir='ltr'><strong>repellendus</strong></span> <span class='ocrx_word' id='word_1_79' title='bbox 659 1063 813 1115; x_wconf 89' lang='lat' dir='ltr'><strong>saepius</strong></span> <span class='ocrx_word' id='word_1_80' title='bbox 834 1063 905 1102; x_wconf 86' lang='lat' dir='ltr'><strong>iste</strong></span> <span class='ocrx_word' id='word_1_81' title='bbox 926 1062 1033 1102; x_wconf 83' lang='lat' dir='ltr'><strong>mihi.</strong></span> 
     </span>
    </p>
   </div>
   <div class='ocr_carea' id='block_1_7' title="bbox 697 1164 849 1204">
    <p class='ocr_par' dir='ltr' id='par_1_7' title="bbox 697 1164 849 1204">
     <span class='ocr_line' id='line_1_17' title="bbox 697 1164 849 1204; baseline 0 0"><span class='ocrx_word' id='word_1_82' title='bbox 697 1164 849 1204; x_wconf 86' lang='lat' dir='ltr'><strong>LXXXI</strong></span> 
     </span>
    </p>
   </div>
   <div class='ocr_carea' id='block_1_8' title="bbox 214 1231 1181 1340">
    <p class='ocr_par' dir='ltr' id='par_1_8' title="bbox 214 1231 1181 1340">
     <span class='ocr_line' id='line_1_18' title="bbox 214 1231 1181 1283; baseline 0 -11"><span class='ocrx_word' id='word_1_83' title='bbox 214 1231 316 1272; x_wconf 91' lang='lat' dir='ltr'><strong>Dum</strong></span> <span class='ocrx_word' id='word_1_84' title='bbox 337 1231 442 1280; x_wconf 91' lang='lat' dir='ltr'><strong>vivis,</strong></span> <span class='ocrx_word' id='word_1_85' title='bbox 463 1244 621 1283; x_wconf 89' lang='lat' dir='ltr'><strong>sperare</strong></span> <span class='ocrx_word' id='word_1_86' title='bbox 641 1232 772 1272; x_wconf 85' lang='lat' dir='ltr'><strong>decet:</strong></span> <span class='ocrx_word' id='word_1_87' title='bbox 793 1239 849 1280; x_wconf 81' lang='lat' dir='ltr'><strong>tu,</strong></span> <span class='ocrx_word' id='word_1_88' title='bbox 871 1231 1016 1272; x_wconf 82' lang='lat' dir='ltr'><strong>rustice</strong></span> <span class='ocrx_word' id='word_1_89' title='bbox 1037 1238 1181 1281; x_wconf 87' lang='lat' dir='ltr'><strong>custos,</strong></span> 
     </span>
     <span class='ocr_line' id='line_1_19' title="bbox 266 1288 1090 1340; baseline 0 -12"><span class='ocrx_word' id='word_1_90' title='bbox 266 1289 343 1328; x_wconf 87' lang='lat' dir='ltr'><strong>huc</strong></span> <span class='ocrx_word' id='word_1_91' title='bbox 363 1288 453 1328; x_wconf 88' lang='lat' dir='ltr'><strong>ades</strong></span> <span class='ocrx_word' id='word_1_92' title='bbox 474 1295 512 1328; x_wconf 86' lang='lat' dir='ltr'><strong>et</strong></span> <span class='ocrx_word' id='word_1_93' title='bbox 532 1288 673 1338; x_wconf 85' lang='lat' dir='ltr'><strong>nervis,</strong></span> <span class='ocrx_word' id='word_1_94' title='bbox 694 1295 801 1329; x_wconf 83' lang='lat' dir='ltr'><strong>tente</strong></span> <span class='ocrx_word' id='word_1_95' title='bbox 822 1288 973 1340; x_wconf 88' lang='lat' dir='ltr'><strong>Priape,</strong></span> <span class='ocrx_word' id='word_1_96' title='bbox 994 1289 1090 1328; x_wconf 85' lang='lat' dir='ltr'><strong>fave.</strong></span> 
     </span>
    </p>
   </div>
   <div class='ocr_carea' id='block_1_9' title="bbox 664 1603 891 1711">
    <p class='ocr_par' dir='ltr' id='par_1_9' title="bbox 664 1603 891 1711">
     <span class='ocr_line' id='line_1_20' title="bbox 690 1603 862 1643; baseline 0.006 -1"><span class='ocrx_word' id='word_1_97' title='bbox 690 1603 862 1643; x_wconf 84' lang='lat' dir='ltr'><strong>LXXXII</strong></span> 
     </span>
     <span class='ocr_line' id='line_1_21' title="bbox 664 1661 891 1711; baseline 0 -12"><span class='ocrx_word' id='word_1_98' title='bbox 664 1661 701 1711; x_wconf 80' lang='grc' dir='ltr'><strong>[τ</strong></span> <span class='ocrx_word' id='word_1_99' title='bbox 710 1673 722 1699; x_wconf 93' lang='lat'><em>1</em></span> <span class='ocrx_word' id='word_1_100' title='bbox 731 1673 753 1699; x_wconf 83' lang='grc' dir='ltr'>Β</span> <span class='ocrx_word' id='word_1_101' title='bbox 766 1673 786 1699; x_wconf 88' lang='grc' dir='ltr'><strong><em>ν</em></strong></span> <span class='ocrx_word' id='word_1_102' title='bbox 796 1673 818 1699; x_wconf 80' lang='grc' dir='ltr'><strong>ι,</strong></span> <span class='ocrx_word' id='word_1_103' title='bbox 831 1674 854 1699; x_wconf 86' lang='lat' dir='ltr'><strong>L</strong></span> <span class='ocrx_word' id='word_1_104' title='bbox 865 1661 891 1711; x_wconf 92' lang='lat'><strong>1]</strong></span> 
     </span>
    </p>
   </div>
   <div class='ocr_carea' id='block_1_10' title="bbox 214 1727 1434 2063">
    <p class='ocr_par' dir='ltr' id='par_1_10' title="bbox 215 1727 1177 1837">
     <span class='ocr_line' id='line_1_22' title="bbox 215 1727 1148 1780; baseline -0.001 -12"><span class='ocrx_word' id='word_1_105' title='bbox 215 1728 361 1768; x_wconf 89' lang='lat' dir='ltr'><strong>Vilicus</strong></span> <span class='ocrx_word' id='word_1_106' title='bbox 381 1728 506 1768; x_wconf 89' lang='lat' dir='ltr'><strong>aerari</strong></span> <span class='ocrx_word' id='word_1_107' title='bbox 528 1727 737 1780; x_wconf 88' lang='lat' dir='ltr'><strong>quondam,</strong></span> <span class='ocrx_word' id='word_1_108' title='bbox 760 1741 866 1768; x_wconf 87' lang='lat' dir='ltr'><strong>nunc</strong></span> <span class='ocrx_word' id='word_1_109' title='bbox 889 1728 1016 1768; x_wconf 83' lang='lat' dir='ltr'><strong>cultor</strong></span> <span class='ocrx_word' id='word_1_110' title='bbox 1036 1727 1148 1779; x_wconf 83' lang='lat' dir='ltr'><strong>agelli</strong></span> 
     </span>
     <span class='ocr_line' id='line_1_23' title="bbox 263 1784 1177 1837; baseline 0 -13"><span class='ocrx_word' id='word_1_111' title='bbox 263 1785 360 1825; x_wconf 87' lang='lat' dir='ltr'><strong>haec</strong></span> <span class='ocrx_word' id='word_1_112' title='bbox 380 1784 452 1824; x_wconf 84' lang='lat' dir='ltr'><strong>tibi</strong></span> <span class='ocrx_word' id='word_1_113' title='bbox 471 1785 705 1837; x_wconf 80' lang='lat' dir='ltr'><strong>Perspectus</strong></span> <span class='ocrx_word' id='word_1_114' title='bbox 725 1785 882 1836; x_wconf 85' lang='lat' dir='ltr'><strong>templa,</strong></span> <span class='ocrx_word' id='word_1_115' title='bbox 903 1784 1054 1837; x_wconf 87' lang='lat' dir='ltr'><strong>Priape,</strong></span> <span class='ocrx_word' id='word_1_116' title='bbox 1077 1785 1177 1824; x_wconf 89' lang='lat' dir='ltr'><strong>dico.</strong></span> 
     </span>
    </p>

    <p class='ocr_par' dir='ltr' id='par_1_11' title="bbox 214 1841 1228 1946">
     <span class='ocr_line' id='line_1_24' title="bbox 214 1841 1228 1895; baseline -0.001 -14"><span class='ocrx_word' id='word_1_117' title='bbox 214 1854 287 1895; x_wconf 91' lang='lat' dir='ltr'><strong>pro</strong></span> <span class='ocrx_word' id='word_1_118' title='bbox 309 1841 452 1894; x_wconf 88' lang='lat' dir='ltr'><strong>quibus</strong></span> <span class='ocrx_word' id='word_1_119' title='bbox 473 1841 624 1890; x_wconf 83' lang='lat' dir='ltr'><strong>officiis,</strong></span> <span class='ocrx_word' id='word_1_120' title='bbox 646 1842 678 1882; x_wconf 90' lang='lat' dir='ltr'><strong>si</strong></span> <span class='ocrx_word' id='word_1_121' title='bbox 699 1842 756 1881; x_wconf 86' lang='lat' dir='ltr'><strong>fas</strong></span> <span class='ocrx_word' id='word_1_122' title='bbox 777 1848 848 1889; x_wconf 81' lang='lat' dir='ltr'><strong>est,</strong></span> <span class='ocrx_word' id='word_1_123' title='bbox 869 1847 1016 1890; x_wconf 85' lang='lat' dir='ltr'><strong>sancte,</strong></span> <span class='ocrx_word' id='word_1_124' title='bbox 1037 1841 1228 1893; x_wconf 85' lang='lat' dir='ltr'><strong>paciscor,</strong></span> 
     </span>
     <span class='ocr_line' id='line_1_25' title="bbox 265 1897 1015 1946; baseline 0 -8"><span class='ocrx_word' id='word_1_125' title='bbox 265 1898 442 1939; x_wconf 90' lang='lat' dir='ltr'><strong>assiduus</strong></span> <span class='ocrx_word' id='word_1_126' title='bbox 462 1905 594 1938; x_wconf 83' lang='lat' dir='ltr'><strong>eustos</strong></span> <span class='ocrx_word' id='word_1_127' title='bbox 615 1898 719 1938; x_wconf 91' lang='lat' dir='ltr'><strong>ruris</strong></span> <span class='ocrx_word' id='word_1_128' title='bbox 740 1905 783 1938; x_wconf 79' lang='lat' dir='ltr'><strong>ut</strong></span> <span class='ocrx_word' id='word_1_129' title='bbox 803 1910 888 1938; x_wconf 89' lang='lat' dir='ltr'><strong>esse</strong></span> <span class='ocrx_word' id='word_1_130' title='bbox 909 1897 1015 1946; x_wconf 90' lang='lat' dir='ltr'><strong>velis,</strong></span> 
     </span>
    </p>

    <p class='ocr_par' dir='ltr' id='par_1_12' title="bbox 215 1954 1434 2063">
     <span class='ocr_line' id='line_1_26' title="bbox 215 1954 1434 2008; baseline -0.001 -14"><span class='ocrx_word' id='word_1_131' title='bbox 215 1955 415 2008; x_wconf 89' lang='lat' dir='ltr'><strong>improbus</strong></span> <span class='ocrx_word' id='word_1_132' title='bbox 436 1962 480 1995; x_wconf 82' lang='lat' dir='ltr'><strong>ut</strong></span> <span class='ocrx_word' id='word_1_133' title='bbox 500 1955 532 1994; x_wconf 91' lang='lat' dir='ltr'><strong>si</strong></span> <span class='ocrx_word' id='word_1_134' title='bbox 553 1955 641 2006; x_wconf 86' lang='lat' dir='ltr'><strong>quis</strong></span> <span class='ocrx_word' id='word_1_135' title='bbox 662 1961 840 1994; x_wconf 87' lang='lat' dir='ltr'><strong>nostrum</strong></span> <span class='ocrx_word' id='word_1_136' title='bbox 860 1954 1013 1994; x_wconf 86' lang='lat' dir='ltr'><strong>violarit</strong></span> <span class='ocrx_word' id='word_1_137' title='bbox 1033 1954 1213 2006; x_wconf 85' lang='lat' dir='ltr'><strong>agellum,</strong></span> <span class='ocrx_word' id='word_1_138' title='bbox 1415 1961 1434 1993; x_wconf 84' lang='lat'>5</span> 
     </span>
     <span class='ocr_line' id='line_1_27' title="bbox 266 2009 1331 2063; baseline -0.002 -11"><span class='ocrx_word' id='word_1_139' title='bbox 266 2012 371 2052; x_wconf 88' lang='lat' dir='ltr'><strong>hunc</strong></span> <span class='ocrx_word' id='word_1_140' title='bbox 392 2018 436 2052; x_wconf 90' lang='lat' dir='ltr'><strong>tu</strong></span> <span class='ocrx_word' id='word_1_141' title='bbox 455 2034 509 2041; x_wconf 91' lang='lat'>—</span> <span class='ocrx_word' id='word_1_142' title='bbox 531 2011 599 2052; x_wconf 87' lang='lat' dir='ltr'><strong>sed</strong></span> <span class='ocrx_word' id='word_1_143' title='bbox 618 2018 749 2051; x_wconf 84' lang='lat' dir='ltr'><strong>taceo:</strong></span> <span class='ocrx_word' id='word_1_144' title='bbox 772 2011 861 2059; x_wconf 84' lang='lat' dir='ltr'><strong>scis,</strong></span> <span class='ocrx_word' id='word_1_145' title='bbox 884 2017 993 2063; x_wconf 76' lang='lat' dir='ltr'><strong>pum,</strong></span> <span class='ocrx_word' id='word_1_146' title='bbox 1015 2010 1121 2063; x_wconf 89' lang='lat' dir='ltr'><strong>quod</strong></span> <span class='ocrx_word' id='word_1_147' title='bbox 1141 2009 1331 2062; x_wconf 87' lang='lat' dir='ltr'><strong>sequitur.</strong></span> 
     </span>
    </p>
   </div>
   <div class='ocr_carea' id='block_1_11' title="bbox 662 2112 891 2220">
    <p class='ocr_par' dir='ltr' id='par_1_13' title="bbox 662 2112 891 2220">
     <span class='ocr_line' id='line_1_28' title="bbox 678 2112 869 2153; baseline -0.005 0"><span class='ocrx_word' id='word_1_148' title='bbox 678 2112 869 2153; x_wconf 89' lang='lat' dir='ltr'><strong>LXXXIII</strong></span> 
     </span>
     <span class='ocr_line' id='line_1_29' title="bbox 662 2171 891 2220; baseline -0.004 -11"><span class='ocrx_word' id='word_1_149' title='bbox 662 2172 698 2220; x_wconf 80' lang='lat' dir='ltr'><strong>[T</strong></span> <span class='ocrx_word' id='word_1_150' title='bbox 708 2182 721 2209; x_wconf 88' lang='lat'><em>1</em></span> <span class='ocrx_word' id='word_1_151' title='bbox 732 2183 754 2209; x_wconf 86' lang='lat' dir='ltr'><strong>B</strong></span> <span class='ocrx_word' id='word_1_152' title='bbox 766 2182 785 2208; x_wconf 95' lang='lat' dir='ltr'>v</span> <span class='ocrx_word' id='word_1_153' title='bbox 795 2183 818 2208; x_wconf 88' lang='lat' dir='ltr'><strong>L</strong></span> <span class='ocrx_word' id='word_1_154' title='bbox 831 2182 854 2208; x_wconf 85' lang='lat' dir='ltr'><strong>L</strong></span> <span class='ocrx_word' id='word_1_155' title='bbox 866 2171 891 2219; x_wconf 88' lang='lat'><strong>1]</strong></span> 
     </span>
    </p>
   </div>
   <div class='ocr_carea' id='block_1_12' title="bbox 216 2234 1172 2403">
    <p class='ocr_par' dir='ltr' id='par_1_14' title="bbox 216 2234 1172 2403">
     <span class='ocr_line' id='line_1_30' title="bbox 217 2234 1172 2290; baseline -0.002 -13"><span class='ocrx_word' id='word_1_156' title='bbox 217 2237 317 2284; x_wconf 86' lang='lat' dir='ltr'><strong>Quid</strong></span> <span class='ocrx_word' id='word_1_157' title='bbox 339 2237 414 2276; x_wconf 90' lang='lat' dir='ltr'><strong>hoc</strong></span> <span class='ocrx_word' id='word_1_158' title='bbox 435 2237 525 2277; x_wconf 89' lang='lat' dir='ltr'><strong>novi</strong></span> <span class='ocrx_word' id='word_1_159' title='bbox 547 2236 636 2277; x_wconf 80' lang='lat' dir='ltr'><strong>est?</strong></span> <span class='ocrx_word' id='word_1_160' title='bbox 657 2238 749 2290; x_wconf 91' lang='lat' dir='ltr'><strong>quid</strong></span> <span class='ocrx_word' id='word_1_161' title='bbox 771 2237 828 2277; x_wconf 87' lang='lat' dir='ltr'><strong>ira</strong></span> <span class='ocrx_word' id='word_1_162' title='bbox 851 2236 1006 2277; x_wconf 81' lang='lat' dir='ltr'><strong>nuntiat</strong></span> <span class='ocrx_word' id='word_1_163' title='bbox 1025 2234 1172 2276; x_wconf 79' lang='lat' dir='ltr'><strong>deum?</strong></span> 
     </span>
     <span class='ocr_line' id='line_1_31' title="bbox 216 2293 937 2346; baseline -0.001 -13"><span class='ocrx_word' id='word_1_164' title='bbox 216 2293 355 2334; x_wconf 83' lang='lat' dir='ltr'><strong>silente</strong></span> <span class='ocrx_word' id='word_1_165' title='bbox 379 2300 492 2334; x_wconf 82' lang='lat' dir='ltr'><strong>noete</strong></span> <span class='ocrx_word' id='word_1_166' title='bbox 514 2294 703 2334; x_wconf 85' lang='lat' dir='ltr'><strong>candidus</strong></span> <span class='ocrx_word' id='word_1_167' title='bbox 722 2294 816 2334; x_wconf 87' lang='lat' dir='ltr'><strong>mihi</strong></span> <span class='ocrx_word' id='word_1_168' title='bbox 836 2305 937 2346; x_wconf 90' lang='lat' dir='ltr'><strong>puer</strong></span> 
     </span>
     <span class='ocr_line' id='line_1_32' title="bbox 218 2350 951 2403; baseline 0 -14"><span class='ocrx_word' id='word_1_169' title='bbox 218 2357 378 2403; x_wconf 84' lang='lat' dir='ltr'><strong>tepente</strong></span> <span class='ocrx_word' id='word_1_170' title='bbox 400 2362 490 2391; x_wconf 89' lang='lat' dir='ltr'><strong>cum</strong></span> <span class='ocrx_word' id='word_1_171' title='bbox 510 2350 655 2391; x_wconf 87' lang='lat' dir='ltr'><strong>iaceret</strong></span> <span class='ocrx_word' id='word_1_172' title='bbox 675 2350 828 2390; x_wconf 81' lang='lat' dir='ltr'><strong>abditus</strong></span> <span class='ocrx_word' id='word_1_173' title='bbox 848 2350 951 2398; x_wconf 90' lang='lat' dir='ltr'><strong>sinu,</strong></span> 
     </span>
    </p>
   </div>
   <div class='ocr_carea' id='block_1_13' title="bbox 75 2429 342 2436">
    <p class='ocr_par' dir='ltr' id='par_1_15' title="bbox 75 2429 342 2436">
     <span class='ocr_line' id='line_1_33' title="bbox 75 2429 342 2436; baseline 0 450"><span class='ocrx_word' id='word_1_174' title='bbox 75 2429 342 2436; x_wconf 95' lang='lat' dir='ltr'><strong> </strong></span> 
     </span>
    </p>
   </div>
   <div class='ocr_carea' id='block_1_14' title="bbox 179 2457 1490 2503">
    <p class='ocr_par' dir='ltr' id='par_1_16' title="bbox 179 2457 1490 2503">
     <span class='ocr_line' id='line_1_34' title="bbox 179 2457 1490 2503; baseline -0.002 -9"><span class='ocrx_word' id='word_1_175' title='bbox 179 2461 349 2495; x_wconf 88' lang='lat' dir='ltr'><strong>LXXVllII</strong></span> <span class='ocrx_word' id='word_1_176' title='bbox 367 2462 386 2495; x_wconf 85' lang='lat'>2</span> <span class='ocrx_word' id='word_1_177' title='bbox 411 2461 498 2495; x_wconf 85' lang='lat' dir='ltr'><strong>hanc</strong></span> <span class='ocrx_word' id='word_1_178' title='bbox 522 2462 623 2495; x_wconf 83' lang='lat' dir='ltr'><strong>libri:</strong></span> <span class='ocrx_word' id='word_1_179' title='bbox 648 2461 714 2495; x_wconf 87' lang='lat' dir='ltr'><strong>hoc</strong></span> <span class='ocrx_word' id='word_1_180' title='bbox 733 2461 966 2494; x_wconf 60' lang='lat' dir='ltr'><strong>Baebi-entius</strong></span> <span class='ocrx_word' id='word_1_181' title='bbox 987 2459 992 2503; x_wconf 92' lang='grc' dir='ltr'>Ι</span> <span class='ocrx_word' id='word_1_182' title='bbox 1013 2462 1034 2494; x_wconf 80' lang='lat'>4</span> <span class='ocrx_word' id='word_1_183' title='bbox 1059 2463 1112 2493; x_wconf 78' lang='lat' dir='ltr'><strong>est</strong></span> <span class='ocrx_word' id='word_1_184' title='bbox 1136 2463 1238 2501; x_wconf 82' lang='lat' dir='ltr'><strong>poeta</strong></span> <span class='ocrx_word' id='word_1_185' title='bbox 1263 2457 1490 2503; x_wconf 76' lang='lat' dir='ltr'><strong>sarcinosioru</strong></span> 
     </span>
    </p>
   </div>
   <div class='ocr_carea' id='block_1_15' title="bbox 46 2503 1494 2687">
    <p class='ocr_par' dir='ltr' id='par_1_17' title="bbox 46 2503 1494 2687">
     <span class='ocr_line' id='line_1_35' title="bbox 67 2503 1494 2548; baseline -0.001 -10"><span class='ocrx_word' id='word_1_186' title='bbox 67 2503 183 2539; x_wconf 83' lang='lat' dir='ltr'><strong>LXXX</strong></span> <span class='ocrx_word' id='word_1_187' title='bbox 215 2509 230 2540; x_wconf 89' lang='lat'>1</span> <span class='ocrx_word' id='word_1_188' title='bbox 265 2506 352 2541; x_wconf 84' lang='lat' dir='ltr'><strong>bene</strong></span> <span class='ocrx_word' id='word_1_189' title='bbox 376 2516 444 2541; x_wconf 91' lang='lat' dir='ltr'><strong>non</strong></span> <span class='ocrx_word' id='word_1_190' title='bbox 468 2511 537 2541; x_wconf 74' lang='lat' dir='ltr'><strong>stat</strong></span> <span class='ocrx_word' id='word_1_191' title='bbox 560 2507 664 2540; x_wconf 86' lang='lat' dir='ltr'><strong>bene:</strong></span> <span class='ocrx_word' id='word_1_192' title='bbox 698 2506 743 2545; x_wconf 69' lang='lat' dir='ltr'><strong>cs:</strong></span> <span class='ocrx_word' id='word_1_193' title='bbox 771 2506 874 2539; x_wconf 80' lang='lat' dir='ltr'><strong>Ovidi</strong></span> <span class='ocrx_word' id='word_1_194' title='bbox 897 2515 965 2540; x_wconf 88' lang='lat' dir='ltr'><strong>am.</strong></span> <span class='ocrx_word' id='word_1_195' title='bbox 991 2505 1047 2538; x_wconf 87' lang='lat'><strong>111</strong></span> <span class='ocrx_word' id='word_1_196' title='bbox 1068 2505 1101 2547; x_wconf 95' lang='lat'><strong>7,</strong></span> <span class='ocrx_word' id='word_1_197' title='bbox 1127 2506 1146 2538; x_wconf 90' lang='lat'><em>1</em></span> <span class='ocrx_word' id='word_1_198' title='bbox 1167 2504 1174 2548; x_wconf 87' lang='grc' dir='ltr'>Ι</span> <span class='ocrx_word' id='word_1_199' title='bbox 1201 2506 1222 2538; x_wconf 88' lang='grc'>4</span> <span class='ocrx_word' id='word_1_200' title='bbox 1248 2503 1376 2548; x_wconf 81' lang='lat' dir='ltr'><strong>aliquid</strong></span> <span class='ocrx_word' id='word_1_201' title='bbox 1399 2515 1494 2537; x_wconf 74' lang='lat' dir='ltr'><strong>unus</strong></span> 
     </span>
     <span class='ocr_line' id='line_1_36' title="bbox 47 2549 1494 2595; baseline -0.001 -12"><span class='ocrx_word' id='word_1_202' title='bbox 47 2562 50 2566; x_wconf 83' lang='lat'>·</span> <span class='ocrx_word' id='word_1_203' title='bbox 69 2549 158 2584; x_wconf 76' lang='lat' dir='ltr'><strong>liber</strong></span> <span class='ocrx_word' id='word_1_204' title='bbox 177 2553 183 2591; x_wconf 84' lang='grc' dir='ltr'>Ι</span> <span class='ocrx_word' id='word_1_205' title='bbox 203 2561 261 2586; x_wconf 83' lang='lat' dir='ltr'><strong>ero</strong></span> <span class='ocrx_word' id='word_1_206' title='bbox 286 2551 522 2586; x_wconf 69' lang='lat' dir='ltr'><strong>Baehrensius</strong></span> <span class='ocrx_word' id='word_1_207' title='bbox 541 2551 547 2595; x_wconf 85' lang='grc' dir='ltr'>Ι</span> <span class='ocrx_word' id='word_1_208' title='bbox 569 2554 588 2587; x_wconf 90' lang='grc'>8</span> <span class='ocrx_word' id='word_1_209' title='bbox 605 2551 771 2585; x_wconf 78' lang='lat' dir='ltr'><strong>mutilum</strong></span> <span class='ocrx_word' id='word_1_210' title='bbox 796 2561 939 2584; x_wconf 84' lang='lat' dir='ltr'><strong>carmen</strong></span> <span class='ocrx_word' id='word_1_211' title='bbox 962 2550 1115 2583; x_wconf 80' lang='lat' dir='ltr'><strong>videtur.</strong></span> <span class='ocrx_word' id='word_1_212' title='bbox 1149 2551 1188 2583; x_wconf 82' lang='lat' dir='ltr'><strong>in</strong></span> <span class='ocrx_word' id='word_1_213' title='bbox 1206 2550 1307 2583; x_wconf 75' lang='lat' dir='ltr'><strong>libris</strong></span> <span class='ocrx_word' id='word_1_214' title='bbox 1323 2550 1494 2583; x_wconf 75' lang='lat' dir='ltr'><strong>adhaeret</strong></span> 
     </span>
     <span class='ocr_line' id='line_1_37' title="bbox 67 2593 1492 2642; baseline 0.001 -13"><span class='ocrx_word' id='word_1_215' title='bbox 67 2593 198 2630; x_wconf 84' lang='lat' dir='ltr'><strong>LXXXI</strong></span> <span class='ocrx_word' id='word_1_216' title='bbox 226 2596 239 2642; x_wconf 76' lang='grc'><strong>1]</strong></span> <span class='ocrx_word' id='word_1_217' title='bbox 266 2597 410 2631; x_wconf 87' lang='lat' dir='ltr'><strong>LXXXII</strong></span> <span class='ocrx_word' id='word_1_218' title='bbox 434 2599 556 2631; x_wconf 69' lang='lat' dir='ltr'><strong>extitit</strong></span> <span class='ocrx_word' id='word_1_219' title='bbox 578 2600 616 2630; x_wconf 83' lang='lat' dir='ltr'><strong>in</strong></span> <span class='ocrx_word' id='word_1_220' title='bbox 642 2597 759 2639; x_wconf 77' lang='lat' dir='ltr'><strong>lapide</strong></span> <span class='ocrx_word' id='word_1_221' title='bbox 778 2597 947 2630; x_wconf 73' lang='lat' dir='ltr'><strong>Patauino</strong></span> <span class='ocrx_word' id='word_1_222' title='bbox 971 2597 1183 2639; x_wconf 67' lang='lat' dir='ltr'><strong>ina-criptum</strong></span> <span class='ocrx_word' id='word_1_223' title='bbox 1202 2594 1286 2630; x_wconf 86' lang='lat' dir='ltr'><strong>CIL.</strong></span> <span class='ocrx_word' id='word_1_224' title='bbox 1313 2595 1351 2630; x_wconf 93' lang='lat' dir='ltr'><em>V</em></span> <span class='ocrx_word' id='word_1_225' title='bbox 1366 2593 1458 2630; x_wconf 84' lang='lat'><em>2803</em></span> <span class='ocrx_word' id='word_1_226' title='bbox 1484 2593 1492 2639; x_wconf 85' lang='grc' dir='ltr'>Ι</span> 
     </span>
     <span class='ocr_line' id='line_1_38' title="bbox 46 2640 750 2687; baseline 0 -13"><span class='ocrx_word' id='word_1_227' title='bbox 46 2641 89 2674; x_wconf 54' lang='lat'><strong>‘5</strong></span> <span class='ocrx_word' id='word_1_228' title='bbox 112 2640 254 2675; x_wconf 82' lang='lat' dir='ltr'><strong>violabit</strong></span> <span class='ocrx_word' id='word_1_229' title='bbox 278 2642 368 2685; x_wconf 73' lang='lat' dir='ltr'><strong>lapis</strong></span> <span class='ocrx_word' id='word_1_230' title='bbox 388 2642 393 2687; x_wconf 92' lang='grc' dir='ltr'>Ι</span> <span class='ocrx_word' id='word_1_231' title='bbox 415 2643 435 2676; x_wconf 91' lang='grc'>6</span> <span class='ocrx_word' id='word_1_232' title='bbox 452 2642 512 2677; x_wconf 81' lang='lat' dir='ltr'><strong>sed</strong></span> <span class='ocrx_word' id='word_1_233' title='bbox 538 2646 633 2676; x_wconf 82' lang='lat' dir='ltr'><strong>tento</strong></span> <span class='ocrx_word' id='word_1_234' title='bbox 659 2643 750 2685; x_wconf 79' lang='lat' dir='ltr'><strong>lapis</strong></span> 
     </span>
    </p>
   </div>
   <div class='ocr_carea' id='block_1_16' title="bbox 0 1063 57 2617">
    <p class='ocr_par' dir='ltr' id='par_1_18' title="bbox 0 1063 57 2617">
     <span class='ocr_line' id='line_1_39' title="bbox 0 1063 57 2617; baseline 0 0"><span class='ocrx_word' id='word_1_235' title='bbox 0 1063 57 2617; x_wconf 95' lang='lat' dir='ltr'><strong> </strong></span> 
     </span>
    </p>
   </div>
  </div>
 </body>
</html>
