1728 2886
132 327 189 359 415

130 519 187 552 416

128 838 186 873 417

127 1033 184 1066 418

127 1203 186 1236 419

124 1454 183 1487 420

124 1750 180 1784 421

124 1889 182 1922 422

223 148 305 188 206
827 147 1049 183 VARRONIS

880 263 915 302 11

365 319 404 360 in
440 320 514 359 hae
549 319 702 360 civitate
728 333 843 372 agros
872 264 1009 360 colffit
1028 321 1256 361 harenosos.
1298 327 1454 374 praeter
1473 323 1546 362 hos
1566 323 1653 363 fluit

223 376 349 416 amnis
371 388 487 428 quam
509 376 601 416 olim
623 377 800 417 Albulam
823 377 960 416 dieunt
975 377 1178 416 vocitatam

361 513 401 552 in
412 513 485 552 hac
495 513 647 553 civitate
663 519 745 553 tum
762 456 1184 566 regngllilz2153Dionysius‚
1195 514 1311 553 homo
1322 513 1501 565 garrulus
1517 521 1555 554 et
1563 526 1652 555 acer

867 644 966 670 Lumo
991 646 1014 669 11

736 705 841 749 περὶ
867 702 1144 748 φιλοσοφίας

359 829 462 869 nulla
486 829 680 870 ambrosia
702 843 746 870 ac
769 837 916 877 nectar,
941 827 1021 869 nen
1044 829 1163 869 alium
1185 835 1223 869 et
1242 830 1397 878 sardae,
1428 830 1496 871 sed
1527 830 1653 883 ‘panis

219 899 372 940 pemma
395 887 552 934 lueuns,
570 886 673 926 cibu'
696 887 766 939 qui
787 886 1013 939 purissimu’
1035 886 1156 926 multo
1179 887 1249 926 est’

878 966 912 1005 11
935 968 993 1018 (1)

358 1030 397 1064 et
418 1036 468 1063 ne
491 1035 727 1070 erraremus,
750 1029 931 1075 ectropas
949 1035 1033 1063 esse
1056 1022 1208 1071 multas,
1231 1023 1393 1063 omnino
1415 1029 1543 1063 tutum
1566 1036 1651 1064 esse

218 1081 285 1122 sed
305 1081 473 1134 spissum
497 1081 570 1119 iter

869 1136 921 1175 lll
944 1138 1002 1188 (3)

357 1196 489 1246 itaque
524 1193 653 1233 videas
688 1193 851 1234 barbato
887 1202 1016 1233 rostro
1047 1193 1155 1232 illum
1188 1193 1445 1233 commentari
1467 1200 1506 1233 et
1527 1206 1650 1233 unum

217 1253 402 1305 quodque
425 1250 586 1290 verbum
608 1257 751 1291 statera
775 1250 928 1290 auraria
950 1251 1126 1302 pendere

579 1372 770 1407 POSTVMI
795 1372 864 1406 cvl
890 1372 1093 1406 SEPLASIA
1121 1371 1287 1406 FETET*

358 1443 575 1497 appellatur
605 1455 624 1482 a
657 1442 850 1482 caelatura
871 1443 1044 1490 caelum,
1075 1454 1214 1494 graece
1240 1442 1288 1482 ab
1310 1448 1451 1483 ornatu
1471 1440 1649 1496 κόσμος,

215 1502 333 1542 latine
355 1514 374 1539 a
398 1500 539 1553 puritia
560 1499 734 1540 mundus

712 1610 913 1644 PRANsvs
940 1609 1143 1644 PARATvs

901 1680 916 1719 1
936 1681 996 1731 (1)

415 1739 526 1778 Luna
543 1744 757 1790 expectans
768 1737 951 1777 Hadriam
967 1750 1009 1777 se
1026 1737 1144 1777 itiner
1155 1737 1318 1789 longum
1329 1737 1650 1778 sermonelevare
1710 1741 1714 1749 '

872 1816 906 1856 11
949 1826 957 1834 ’

486 1876 625 1913 contra
647 1880 806 1914 coactus
827 1817 971 1914 061·ιίξέ
975 1820 1125 1913 )13ιιέηιί
1146 1885 1287 1913 eanum

484 1932 608 1971 fertur
627 1929 786 1971 bisulcis
807 1930 966 1983 ungulis
986 1931 1117 1971 nitens
1136 1931 1259 1970 humu

713 2052 1005 2088 PROMETHEVS
1030 2052 1154 2087 LIBER

884 2121 981 2218 1,(1)
1059 2192 1132 2232 ego
1154 2179 1288 2219 infelix
1310 2182 1391 2219 non
1413 2189 1554 2230 queam

480 2238 556 2277 vim
578 2237 810 2290 propulsare
831 2243 947 2289 atque
969 2236 1171 2276 inimicum
1193 2248 1286 2276 orco
1308 2232 1550 2276 immittere?

209 2396 330 2429 lucuns
347 2398 357 2438 ΙΙ
377 2397 444 2430 418
468 2395 512 2430 Ν.
534 2406 569 2438 p.
595 2396 662 2430 392
687 2395 833 2439 spissum
860 2395 866 2438 Ι
888 2394 1080 2438 extrophas.
1134 2393 1288 2434 fortasse
1308 2393 1428 2426 verim
1451 2390 1609 2434 strophas
1631 2392 1644 2435 1

210 2443 276 2475 419
301 2440 344 2474 Ν.
366 2452 402 2483 p.
429 2443 495 2476 455
521 2444 667 2474 rostrum

324 2488 390 2520 420
414 2488 550 2520 Probus
567 2485 676 2528 Verg.
701 2485 764 2520 ecl.
790 2487 822 2528 6,
839 2487 892 2520 31.
940 2486 981 2518 in
1008 2485 1112 2518 titulo
1135 2483 1297 2518 Postume
1321 2491 1381 2517 cur
1404 2491 1470 2525 ego
1495 2483 1641 2525 conieci,

209 2534 287 2575 post
311 2532 426 2565 vinum
451 2532 589 2565 Riesim

320 2578 384 2610 421
412 2576 551 2610 Nonius
579 2587 615 2619 p.
640 2578 707 2611 482
732 2576 831 2610 itiner
861 2577 866 2618 Ι
897 2580 1079 2619 expectans
1103 2573 1205 2608 Adria
1237 2573 1300 2606 sod
1322 2561 1504 2616 expectant
1528 2572 1641 2606 codem
1689 2548 1722 2619 5²1}

211 2620 540 2667 Guelferbytanus„
558 2623 624 2656 422
648 2621 693 2656 Ν.
716 2632 751 2665 p.
777 2622 842 2656 352
867 2622 928 2655 niti
953 2624 986 2653 et
1005 2631 1042 2664 p.
1067 2621 1132 2654 488
1158 2619 1261 2653 humu

322 2668 386 2701 423
413 2667 457 2702 Ν.
480 2679 515 2711 p.
542 2669 584 2702 28
610 2667 803 2711 compedes·
852 2667 978 2700 titulus
1007 2669 1059 2699 est
1089 2667 1218 2708 ubique
1242 2662 1445 2699 Prometheo
1470 2665 1536 2697 aut
1559 2661 1639 2698 Pro—

324 2352 388 2384 415
413 2349 458 2384 Ν.
480 2361 515 2392 p.
543 2350 606 2385 192
631 2359 763 2383 amnem
791 2348 804 2392 ΙΙ
829 2351 895 2383 416
919 2348 963 2382 Ν.
983 2359 1021 2392 p.
1046 2350 1112 2384 316
1137 2347 1291 2391 garrulus
1316 2346 1424 2391 '1417
1449 2345 1494 2380 Ν.
1516 2356 1551 2390 p.
1579 2346 1639 2380 131
