1728 2886
672 109 921 147 MENIPP-EAE
1427 111 1507 154 211

359 281 486 332 ipsum
508 281 616 320 avide
636 281 727 321 vino
743 225 900 322 ιὶξιὲίῗξιιῆ
922 281 1046 334 poclis
1077 282 1182 334 large
1202 289 1318 334 atque
1338 283 1511 336 benigne
1540 289 1599 324 461

357 415 424 454 uhi
447 416 558 455 nitidi
579 360 971 469 ephebiugegg)pulla
993 417 1148 457 candidi
1537 425 1595 458 462

353 471 526 512 modeste
547 473 676 512 amicti
698 473 820 513 cultus
840 480 1006 525 pascunt
1025 481 1186 526 pectore

352 607 556 658 suspendit
577 551 923 657 LarihulgIIInglnLilg&
944 609 1073 649 mollis
1094 609 1203 662 pilas,
1536 616 1593 649 463

349 663 510 702 reticula
532 676 577 703 ac
597 665 771 717 strophia

738 742 768 781 V

752 744 886 851 iugggre
907 800 1071 840 volitans
1092 801 1235 841 miluus
1532 808 1592 841 464

345 864 474 893 „Aoo
501 866 640 905 aquam
662 868 682 895 e
706 856 878 896 nubibus
897 862 1039 896 tortam
1060 857 1206 897 indicat

345 911 429 950 sore
451 918 491 950 ut
512 911 686 962 tegillum
710 919 844 963 pastor
863 912 937 953 sibi
957 920 1085 953 sumat

729 991 1059 1099 Vdgsssstelligeras
1076 1048 1244 1088 aetheris
1527 1057 1585 1090 465

342 1101 540 1153 explicans
561 1114 650 1142 aere
671 1115 763 1143 cavo
786 1104 957 1143 sonitum
979 1105 1263 1144 hicincoturnis

695 1181 761 1221 Vll
783 1182 868 1233 (23)

968 1239 1006 1279 in
1031 1239 1299 1292 Thespiadum
1320 1241 1441 1280 choro
1529 1249 1588 1282 466

342 1292 554 1344 derepente

692 1361 776 1401 Vlll
797 1363 882 1413 (22)

946 1419 1141 1459 Pieridum
1160 1432 1291 1461 comes
1528 1429 1587 1463 467

340 1475 438 1523 quae
459 1479 596 1512 tenent
616 1476 710 1513 cana
734 1475 838 1526 putri
859 1476 946 1527 gelo
967 1477 1161 1515 montium

338 1541 425 1567 saxa
689 1586 791 1626 VIlll
815 1588 872 1638 (3)

211 1640 373 1680 navibus
394 1641 600 1681 duodecim
623 1643 737 1682 domo
761 1646 1000 1695 profectum,
1036 1645 1170 1684 decem
1191 1657 1318 1686 annos
1351 1646 1496 1687 solidos
1524 1655 1583 1689 468

6 1698 21 1751 [3
66 1708 215 1737 errasse

15 1754 19 1760 '
728 1755 761 1794 X
785 1757 844 1807 (1)

206 1810 421 1862 Diogenem
442 1817 576 1863 postea
596 1812 757 1863 pallium
778 1813 904 1852 solum
925 1813 1107 1854 habuisse
1129 1820 1168 1854 et
1188 1814 1330 1855 habere
1345 1815 1492 1856 Vlixem
1521 1825 1579 1859 469

63 1878 209 1906 meram
229 1866 415 1915 tunicam,
437 1867 597 1919 pilleum
618 1868 706 1908 ideo
729 1881 808 1908 non
831 1868 975 1909 habere

175 1979 239 2012 461
266 1977 311 2013 Ν.
330 1989 368 2020 p.
393 1979 454 2012 321
483 1979 626 2013 invitare
646 1980 652 2023 Ι
673 1979 750 2012 audi
776 1980 855 2014 vino
879 1983 943 2013 aut
965 1980 1078 2014 audivi
1104 1992 1170 2015 non
1188 1982 1201 2025 ss
1216 1984 1282 2017 462
1307 1982 1351 2016 Ν.
1374 1994 1409 2027 p.
1425 1985 1490 2018 368

56 2022 191 2066 *pullum
213 2023 217 2066 Ι
237 2023 382 2057 amictus
407 2029 561 2067 pascunt.
594 2035 642 2057 an
665 2025 801 2059 luctus?
824 2036 927 2059 versu
950 2037 1022 2059 non
1043 2026 1148 2069 pleno
1172 2027 1371 2062 modestiam
1396 2029 1490 2063 intus

64 2067 230 2101 oehlerus
246 2067 258 2111 ΙΙ
277 2069 340 2102 463
366 2067 411 2103 Ν.
432 2079 469 2112 p.
495 2070 560 2103 538
585 2069 772 2114 strophium
797 2073 832 2102 et
849 2081 886 2114 p.
911 2072 976 2105 542
1001 2072 1178 2106 reticulum
1205 2073 1210 2116 Ι
1240 2073 1367 2107 laribus
1391 2074 1490 2108 mari·

62 2122 123 2148 nus
141 2113 153 2157 Ι
168 2114 236 2148 464
258 2112 303 2146 Ν.
324 2124 361 2156 p.
388 2115 452 2148 169
477 2114 632 2157 tegillum
653 2117 658 2157 Ι
679 2115 794 2158 vigere
819 2116 966 2150 volitans
991 2117 1119 2151 mulsus
1144 2127 1278 2162 aquam.
1325 2120 1488 2162 supplen-

6 2187 7 2190 ,
61 2157 143 2194 dum
175 2161 265 2201 puto
303 2160 372 2192 tale
397 2159 425 2192 si
451 2159 602 2201 auditur,
639 2160 684 2194 id.
731 2171 795 2194 nee
825 2164 898 2195 scio
922 2172 970 2194 an
994 2161 1063 2196 sere
1086 2166 1123 2196 ut
1145 2166 1319 2207 scriptum
1341 2161 1455 2204 fuerit
1477 2165 1490 2207 ΙΙ

61 2204 126 2238 465
150 2207 306 2237 maxime
327 2204 511 2247 probabile
534 2207 650 2238 visum
675 2209 727 2238 est
748 2209 908 2240 senarios
931 2205 1052 2246 facere
1075 2211 1117 2241 ut
1139 2210 1206 2243 464
1231 2209 1278 2242 ad
1299 2210 1395 2242 hune
1416 2219 1489 2244 mo-

58 2249 143 2283 dum
167 2249 200 2281 in
226 2249 298 2283 vias
325 2249 515 2292 stelligeras
539 2250 686 2284 aetheris
710 2252 786 2285 aere
811 2261 896 2286 cavo
920 2252 1069 2287 sonitum
1102 2253 1278 2289 bucinator
1302 2254 1489 2298 explicam,

60 2296 119 2326 eui
142 2295 370 2328 coniecturae
392 2296 555 2329 subvenit
579 2296 692 2329 codem
716 2298 868 2339 optimus
884 2299 921 2330 in
939 2307 1008 2341 quo
1026 2298 1200 2342 explicans
1214 2302 1296 2342 poet
1310 2309 1388 2334 aere
1405 2310 1486 2334 eon-

59 2338 214 2379 locatum
239 2342 299 2374 eet.
332 2342 492 2373 numeris
513 2343 603 2374 satis
626 2340 670 2381 fit
693 2343 744 2374 eie
768 2342 914 2376 aetheris
939 2353 1005 2376 nox
1025 2344 1198 2387 explicans
1220 2347 1256 2377 et
1279 2345 1486 2385 bucinatoris

58 2383 154 2428 ciet}
171 2385 237 2420 466
261 2384 305 2418 Ν.
327 2396 363 2428 p.
389 2387 454 2420 518
482 2385 676 2430 derepente.
698 2387 703 2427 Ι
724 2396 794 2421 oro.
826 2389 896 2420 nisi
917 2386 993 2427 fuit
1016 2388 1088 2422 tale
1111 2389 1190 2424 dum
1214 2399 1298 2431 erro,
1333 2393 1485 2424 mecmm

58 2429 197 2473 quidem
220 2432 328 2463 nimis
352 2432 527 2464 incertum
555 2430 568 2475 ΙΙ
596 2433 660 2465 467
686 2430 730 2465 Ν.
745 2442 782 2475 p.
807 2434 873 2468 492
898 2433 976 2475 gelo
1006 2434 1011 2476 Ι
1041 2432 1221 2469 Pueridum
1241 2435 1246 2478 Ι
1267 2438 1384 2470 tenent
1407 2439 1481 2471 cata

18 2483 20 2486 ’
57 2479 146 2516 (cate
160 2477 278 2518 primo
297 2475 386 2508 liber
402 2477 568 2520 optimus)
586 2477 662 2519 gelo
688 2478 775 2521 putri
790 2479 954 2512 montium
972 2478 1058 2514 laxa.
1099 2482 1309 2524 sequebatur
1331 2479 1484 2517 Thraces

8 2544 9 2547 η
57 2522 99 2552 ut
121 2522 250 2564 opinor
271 2531 414 2562 nomen,
452 2532 665 2565 quamquam
701 2522 742 2554 de
778 2524 892 2556 verbis
920 2526 1145 2568 numerisque
1171 2535 1302 2568 pamm
1333 2529 1482 2560 constat.

58 2568 154 2602 tenes
178 2569 295 2600 cavata
322 2566 495 2610 Scaliger,
520 2567 629 2611 putria
645 2567 863 2601 Passeratius
879 2569 891 2613 ΙΙ
909 2569 975 2604 468
999 2568 1043 2603 Ν.
1065 2580 1101 2614 p.
1117 2572 1184 2606 405
1206 2569 1352 2607 solidum
1374 2572 1380 2616 l
1400 2571 1481 2606 dum

57 2609 160 2643 libri:
183 2609 320 2645 domum
345 2611 551 2656 flocperusn
569 2614 634 2647 469
658 2612 702 2646 Ν.
723 2624 761 2657 p.
787 2614 851 2648 344
877 2624 1002 2648 merum

1142 2672 1211 2707 14*
