1728 2886
108 570 190 610 114

222 114 274 152 80
832 114 1034 149 PETRONII

923 242 944 266 *

336 298 397 324 me
421 285 517 324 nihil
534 285 655 338 magis
670 285 886 338 pungebat,
903 298 1021 337 quam
1038 298 1087 325 ne
1099 285 1317 338 Eumolpus
1331 286 1530 335 sensisset,
1548 286 1659 338 quic·
1673 292 1693 328 1

222 343 315 394 quid
337 342 430 381 illud
454 343 591 390 suerat,
614 348 653 382 et
673 343 790 382 homo
813 342 1079 383 dicacissimus
1100 342 1340 383 carminibus
1360 342 1575 383 vindicaret

937 414 959 438 *

337 456 443 495 iurat
463 455 682 508 Eumolpus
701 455 830 496 verbis
851 455 1165 508 conceptissimis

938 527 960 551 *

334 569 428 608 dum
450 570 545 608 haec
575 569 745 620 taliaque
775 569 981 618 iactamus,
1012 569 1211 608 inhorruit
1231 581 1338 608 mare
1359 567 1564 620 nubesque
1585 580 1661 608 un-

221 625 341 677 dique
381 626 570 665 adductae
601 626 771 666 obruere
801 625 978 665 tenebris
1008 626 1123 665 diem.
1183 626 1414 665 discurrunt
1442 630 1584 665 nautae
1614 626 1662 665 ad
1689 631 1695 663 l

225 682 352 722 officia
374 683 617 735 trepidantes
639 683 801 733 velaque
823 683 1045 734 tempestati
1066 681 1305 722 subducunt.
1346 682 1415 722 sed
1437 694 1511 722 nec
1532 689 1662 722 certos

224 739 367 779 fluctus
387 746 528 779 ventus
550 739 771 791 impulerat,
794 751 868 778 nec
889 751 967 790 quo
990 739 1203 778 destinaret
1224 751 1396 787 cursum,
1420 738 1664 790 gubernator

224 796 385 835 sciebat.
427 796 598 835 Siciliam
621 796 737 835 modo
757 801 897 835 ventus
918 795 1046 843 dabat,
1067 795 1292 847 saepissime
1314 793 1369 850 [in
1393 792 1518 850 oram]
1542 795 1664 835 Italici

223 852 349 892 litoris
378 852 510 904 aquilo
540 865 746 904 possessor
775 852 1032 892 convertebat
1060 852 1138 891 huc
1168 851 1261 891 illuc
1293 851 1501 892 obnoxiam
1523 857 1662 901 ratem,

225 914 265 948 et
286 910 389 960 quod
413 910 597 949 omnibus
618 908 803 962 procellis
822 909 1083 962 periculosius
1105 914 1200 957 erat,
1222 914 1302 948 tam
1323 909 1469 961 spissae
1500 914 1664 961 repente
1693 918 1697 948 :

226 967 413 1006 tenebrae
444 966 571 1006 lucem
593 972 918 1018 suppresserant,
952 972 994 1006 ut
1015 979 1065 1005 ne
1085 977 1245 1018 proram
1266 966 1424 1017 quidem
1446 971 1568 1005 totam
1589 978 1663 1018 gu·
1692 1001 1696 1021 ,-

226 1023 414 1063 bernator
434 1023 594 1063 videret.
636 1024 767 1075 itaque
798 1023 980 1063 hercules
1010 1028 1216 1074 postquam
1247 1023 1452 1062 manifesta
1474 1035 1496 1060 *
1520 1034 1663 1062 conva-

226 1079 318 1127 luit,
341 1080 481 1120 Lichas
511 1080 714 1132 trepidans
745 1080 791 1119 ad
824 1092 888 1118 me
919 1080 1081 1132 supinas
1102 1079 1269 1131 porrigit
1288 1091 1430 1119 manus
1450 1084 1490 1118 et
1510 1078 1579 1119 ‘tu'
1601 1079 1662 1118 in-
1686 1072 1697 1105 .ss

226 1137 312 1188 quit
342 1136 536 1189 ‘Encolpi,
558 1149 747 1177 succurre
777 1136 1092 1188 periclitantibus
1122 1142 1162 1175 et
1189 1141 1337 1176 vestem
1369 1135 1474 1175 illam
1493 1135 1664 1176 divinam
1695 1134 1697 1139 ’

226 1193 468 1245 sistrumque
490 1193 610 1234 redde
632 1194 797 1246 navigio.
838 1206 911 1245 per
934 1194 1071 1238 fidem,
1095 1193 1303 1240 miserere,
1336 1192 1666 1244 quemadmodum
1687 1191 1698 1242 ἐἶ

225 1250 383 1301 quidem
408 1250 550 1290 soles’.-·
1687 1246 1697 1293 μ(

338 1313 378 1346 et
406 1307 516 1346 illum
547 1307 706 1358 quidem
727 1307 1007 1346 vociferantem
1029 1307 1069 1346 in
1092 1318 1199 1345 mare
1220 1312 1360 1346 ventus
1381 1305 1571 1355 excussit,
1602 1318 1666 1345 re·
1684 1356 1686 1358 .

226 1363 474 1416 petitumque
512 1364 657 1404 infesto
696 1363 851 1416 gurgite
890 1363 1063 1415 procella
1102 1362 1333 1415 circumegit
1370 1367 1488 1414 atque
1525 1362 1665 1403 hausit.

225 1420 499 1473 Tryphaenam
531 1426 660 1460 autem
692 1433 818 1472 prope
849 1420 923 1459 iam
1067 1419 1280 1459 fidelissimi
1311 1425 1532 1472 rapuerunt
1551 1414 1697 1467 servis}

225 1478 474 1529 scaphaeque
504 1477 726 1529 impositam
757 1489 847 1516 cum
879 1476 1044 1516 maxima
1075 1476 1315 1516 sarcinarum
1337 1481 1448 1528 parte
1468 1463 1698 1569 abduxere}

225 1534 465 1574 certissimae
485 1534 604 1573 morti

226 1647 435 1700 applicitus
466 1659 554 1686 cnm
587 1647 758 1686 clamore
788 1646 874 1685 flevi
906 1652 944 1685 et
967 1645 1066 1685 ‘hoc’
1088 1645 1249 1697 inquam
1282 1648 1316 1684 ‘a
1337 1645 1410 1686 diis
1440 1643 1686 1694 meruimus‚·

229 1710 271 1743 ut
293 1716 366 1743 nos
387 1705 468 1743 sola
500 1709 628 1743 morte
650 1701 972 1755 coniungerent?
1003 1703 1071 1743 sed
1094 1715 1175 1742 non
1199 1702 1368 1742 crudelis
1387 1702 1548 1742 fortuna
1567 1715 1666 1742 con-

229 1761 343 1800 cedit.
386 1773 478 1800 ecce
500 1761 575 1800 iam
598 1766 721 1800 ratem
742 1760 885 1799 fluctus
907 1771 997 1799 evei
1001 1765 1074 1807 tet
1097 1772 1189 1799 ecce
1212 1759 1287 1798 iam
1309 1759 1510 1811 amplexus
1531 1755 1677 1799 aman?

229 1818 326 1857 tium
347 1818 490 1857 iratum
512 1817 656 1856 dividet
676 1829 796 1856 mare.
837 1816 976 1867 igitur,
1007 1815 1039 1855 si
1059 1828 1150 1855 vere
1171 1815 1393 1868 Encolpion
1416 1815 1596 1864 dilexisti,
1617 1815 1666 1856 da

230 1874 384 1921 oscula,
416 1874 508 1913 dum
531 1874 643 1922 licet,
675 1880 710 1914 et
739 1873 919 1913 ultimum
941 1873 1016 1912 hoc
1037 1872 1221 1924 gaudium
1251 1872 1339 1912 fatis
1360 1871 1685 1924 properantibus3

228 1930 348 1983 rape'.
379 1931 475 1970 haec
495 1937 540 1970 ut
560 1943 633 1983 ego
653 1930 751 1979 dixi,
783 1929 901 1969 Giton
932 1935 1079 1969 vestem
1110 1929 1312 1981 deposuit,
1342 1941 1507 1981 meaque
1535 1928 1687 1969 tunica-

229 1993 435 2027 contectus
466 1988 618 2027 exeruit
637 1988 683 2027 ad
715 1987 891 2027 osculum
915 1992 1044 2038 caput.
1086 1992 1124 2025 et
1155 1998 1205 2025 ne
1226 1985 1283 2025 sic
1304 1985 1561 2027 cohaerentes
1582 1998 1672 2026 ma·
1702 2019 1704 2021 .

228 2044 373 2096 lignior
403 2044 546 2084 fluctus
575 2044 830 2091 distraheret,
854 2049 1066 2094 utrumque
1088 2055 1187 2082 zona
1208 2043 1532 2083 circumvenienti
1552 2048 1668 2095 prae-

230 2101 353 2141 cinxit
384 2107 422 2140 et
453 2101 498 2141 ‘si
529 2101 627 2140 nihil
657 2101 780 2149 aliud,
812 2106 919 2140 certe
949 2098 1106 2139 diutius’
1128 2099 1257 2151 inquit
1278 2099 1447 2139 ‘iunctos
1468 2112 1541 2140 nos
1561 2111 1669 2140 mare

233 2159 343 2206 feret,
369 2158 428 2197 vel
453 2157 485 2197 si
502 2157 670 2197 voluerit
690 2157 913 2197 misericors
934 2157 980 2196 ad
1003 2157 1106 2195 idem
1123 2156 1213 2196 litus
1235 2155 1444 2208 expellere,
1466 2162 1533 2196 aut
1551 2168 1667 2208 prae-

231 2215 379 2254 teriens
400 2214 540 2266 aliquis
561 2214 749 2254 tralaticia
771 2213 1012 2253 humanitate
1032 2212 1239 2266 lapidabit,
1271 2218 1339 2252 aut
1358 2212 1464 2264 quod
1485 2212 1666 2253 ultimum

230 2278 289 2311 est
310 2271 416 2311 iratis
437 2271 553 2311 etiam
583 2271 785 2320 fluctibus,
817 2270 1048 2322 imprudens
1079 2270 1223 2309 harena
1254 2269 1492 2321 componet'.
1539 2269 1644 2322 patio
1673 2267 1676 2270 ’

347 2396 361 2427 1
390 2393 542 2436 pudebat
559 2393 571 2438 ΙΙ
589 2395 609 2428 6
634 2396 745 2427 certus
770 2393 1058 2435 langermannus
1084 2392 1096 2436 [l
1130 2393 1149 2426 8
1176 2392 1208 2424 in
1235 2402 1328 2426 oram
1351 2402 1426 2425 una
1450 2392 1555 2425 habet
1581 2391 1612 2425 T

233 2439 427 2471 η(ιε.ςίαηα.·
451 2450 524 2473 non
547 2439 714 2472 videntur
731 2440 817 2472 haec
833 2441 987 2481 integra,
1005 2439 1250 2481 temptavimus
1274 2439 1374 2472 notus
1391 2436 1505 2479 dabat,
1529 2436 1648 2481 saepiu

233 2483 267 2516 in
292 2493 383 2517 mare
415 2484 427 2528 ΙΙ
467 2487 487 2519 9
511 2489 643 2528 partem
676 2484 689 2528 ΙΙ
724 2486 764 2519 12
790 2483 958 2524 hercules]
997 2483 1107 2516 latere
1144 2482 1287 2526 periculi
1326 2483 1535 2516 vocabulum
1566 2485 1667 2526 puto,

233 2539 449 2572 quamquam
473 2531 666 2563 sententiae
689 2529 879 2571 sufficiunt
904 2530 990 2562 haec
1013 2531 1195 2572 postquam
1231 2527 1333 2561 maris
1365 2528 1413 2561 ira
1438 2527 1563 2562 infesta
1587 2537 1668 2562 con-

234 2574 342 2607 valuit
359 2574 371 2618 11
394 2577 434 2608 14
459 2577 504 2616 et]
529 2575 562 2609 id
589 2579 641 2610 est
667 2574 680 2620 ss
712 2576 753 2610 16
778 2574 933 2615 fortasse
956 2574 1093 2608 solebas
1122 2573 1135 2618 ΙΙ
1162 2575 1201 2608 17
1229 2574 1365 2607 conieci
1387 2573 1633 2617 abreptumque

234 2620 276 2652 23
302 2619 362 2653 sed
388 2630 429 2653 ne
456 2621 520 2653 hoc
546 2620 682 2664 quidem
707 2621 937 2654 Burmannus
954 2619 966 2664 ΙΙ
985 2621 1027 2654 25
1052 2618 1093 2652 ad
1111 2618 1227 2652 oscula
1249 2618 1254 2663 Ι
1299 2620 1342 2652 30
1366 2618 1481 2652 iuncta
1496 2627 1559 2653 nos
1575 2627 1631 2652 mo
