1728 2886
681 131 932 167 MENIPPEAE
1441 132 1489 172 17
1497 133 1520 172 7

701 246 825 286 xxm
847 247 902 299 (5)

864 304 981 344 simul
1001 316 1046 344 ac
1066 304 1250 356 languido

292 359 449 410 corpori
469 359 562 399 solis
583 359 743 399 calidior
763 362 839 399 visa
862 366 921 400 est
941 372 1035 401 aura

682 437 823 477 XXIIII
843 439 928 488 (38)

291 494 524 546 pruditatem
545 505 593 533 an
617 494 807 546 pudorem
827 495 970 546 gallum
994 494 1123 546 coepit
1142 494 1237 534 mihi
1257 494 1378 534 videri

229 634 267 668 et
296 640 388 667 ecce
409 628 456 668 de
478 629 676 682 inproviso
694 571 1016 670 {gimgtffioedit
1044 642 1140 670 cana
1170 629 1319 670 Veritas
1333 659 1343 679 ,
1374 630 1520 671 Attices

88 684 359 737 philosophiae
379 685 535 725 alumna

704 741 823 781 XXVI

229 810 318 837 cum
351 798 389 837 in
422 810 468 837 eo
498 810 621 838 essem
653 744 1013 851 occupatu(s7{itque
1045 799 1085 838 in
1114 799 1247 839 schola
1269 811 1446 848 curarer,
1478 805 1522 840 ut

26 845 33 900 ζ
86 854 223 895 scribit
244 854 437 901 Scantius,
460 854 600 894 ‘horno
622 867 692 907 per
713 855 910 908 Dionysia'

693 933 831 973 xxvii
853 934 910 986 (6)

230 1001 333 1052 quod
359 1013 402 1040 ea
431 1000 493 1041 die
522 1013 606 1040 mea
627 1007 710 1041 erat
731 1001 944 1053 praebitio,
975 1001 1015 1041 in
1050 1001 1206 1041 ianuam
1237 1004 1340 1041 ‘cave
1369 1000 1520 1041 canem'

1 1056 9 1101 ,’
25 1086 35 1095 2
90 1056 251 1097 inscribi
270 1056 388 1096 iubeo
640 1059 643 1062 ’

5 1117 9 1124 ’
673 1113 828 1153 XXVIII
850 1115 934 1165 (23)

229 1175 267 1209 et
297 1170 416 1210 ceteri
452 1169 671 1210 scholastici
702 1171 843 1210 saturis
885 1169 1046 1210 auribus
1076 1170 1246 1210 scholica
1277 1170 1375 1222 dape
1405 1176 1522 1222 atque

4 1233 38 1285 ‘f
87 1225 206 1266 ebriis
227 1226 437 1279 sophistice
460 1227 751 1279 aperantologia
773 1226 1050 1279 consurgimus
1073 1226 1214 1267 ieiunis
1236 1227 1358 1267 oculis

665 1305 841 1344 XXVIIII
861 1306 948 1356 (22)

5 1413 39 1435 ‚⁴
86 1428 123 1468 d·
229 1372 338 1424 prius
360 1385 475 1425 quam
497 1374 791 1426 responderem,
813 1373 909 1413 soris
931 1373 1065 1414 nescio
1083 1373 1172 1426 quis
1193 1379 1360 1426 occupat
1376 1385 1439 1414 res
1459 1372 1521 1412 in-

18 1460 23 1469 i
114 1440 217 1468 icare

6 1469 31 1505 „e
698 1485 803 1525 xxx
825 1487 910 1537 (32)

228 1554 288 1593 vix
312 1554 448 1606 vulgus
471 1554 635 1594 confluit
657 1567 736 1594 non
759 1554 946 1594 furiarum
978 1555 1044 1595 sed
1066 1566 1282 1607 puerorum
1311 1561 1428 1606 atque
1449 1566 1520 1594 an-

89 1609 264 1650 cillarum
281 1641 290 1658 ‚
321 1611 387 1662 qui
409 1622 546 1650 omnes
566 1623 628 1650 me
650 1610 765 1650 bilem
788 1617 912 1651 atram
932 1611 1077 1663 agitare
1100 1611 1343 1652 clamitantes
1364 1611 1520 1664 opinio-

89 1679 179 1706 nem
202 1667 294 1706 mihi
316 1667 491 1707 insaniae
513 1679 621 1707 meae
642 1668 878 1707 confirmant

690 1746 812 1785 xxxl
832 1747 917 1796 (49)

1549 310 1610 344 139

1550 502 1608 536 140

1549 637 1608 671 141

1555 807 1611 840 142

1551 1010 1610 1044 143

1551 1179 1610 1213 144

1552 1382 1609 1416 145

1551 1562 1612 1597 146

230 1802 409 1842 forenses
435 1802 654 1842 decernunt
685 1810 726 1843 ut
746 1803 987 1843 Existimatio
1019 1815 1164 1843 nomen
1186 1814 1318 1842 meum
1339 1801 1379 1842 in
1401 1814 1518 1842 sano·
1548 1811 1606 1845 147

91 1869 179 1897 rum
203 1871 413 1898 numerum
435 1859 580 1898 referat

676 1915 817 1955 XXXII
837 1917 924 1967 (21)

231 1983 322 2011 nam
358 1978 400 2011 ut
434 1973 607 2024 arquatis
636 1972 740 2012 lutea
773 1984 872 2024 quae
904 1970 985 2012 no‘n
1007 1978 1102 2012 sunt
1121 1977 1160 2012 et
1180 1983 1281 2023 quae
1301 1978 1395 2012 sunt
1415 1971 1517 2023 lutea
1548 1979 1606 2015 148

26 2016 42 2079 ,’
90 2027 287 2075 videntur,
310 2028 365 2068 sic
387 2029 534 2068 insanis
555 2029 640 2069 sani
662 2034 700 2068 et
721 2029 858 2068 furiosi
879 2029 1061 2068 videntur
1081 2041 1164 2069 esse
1186 2028 1314 2068 insani

206 2141 268 2174 139
292 2139 336 2172 Ν.
356 2150 393 2182 p.
419 2141 484 2173 245
510 2149 588 2173 aura
607 2140 619 2183 ΙΙ
640 2142 702 2175 140
727 2139 772 2173 Ν.
795 2151 830 2183 p.
855 2141 920 2175 487
947 2139 1091 2183 gallum:
1122 2138 1278 2180 fortasse
1300 2141 1523 2182 septenarius

92 2186 294 2218 trochaicus
318 2185 402 2218 talis
426 2185 630 2228 probitatem
657 2195 696 2218 ac
721 2184 881 2229 pudorem
908 2185 1037 2228 gallum
1062 2185 1176 2229 coepit
1199 2185 1281 2218 mibi
1299 2184 1348 2218 sic
1365 2183 1523 2226 vendere,

30 2238 43 2274 ζ,
89 2231 214 2273 utiquc
237 2240 378 2264 carmen
398 2229 410 2274 ΙΙ
431 2231 490 2265 141
516 2229 561 2264 Ν.
583 2241 619 2274 p.
644 2231 687 2265 86
712 2240 831 2264 canum
857 2234 891 2263 et
910 2241 946 2274 p.
971 2231 1037 2264 243
1063 2230 1234 2264 alumnos:
1265 2231 1461 2273 septenarii
1483 2232 1525 2263 ut

91 2275 161 2309 duo
186 2275 313 2316 fierent
337 2276 531 2318 trochaici,
563 2279 600 2310 et
623 2276 758 2309 delebat
779 2276 1050 2318 Flet-keixanos,
1085 2277 1309 2309 octonarium
1333 2276 1525 2310 iambicum

31 2326 45 2342 ‘'-
90 2331 192 2364 quem
217 2322 375 2355 trochaei
405 2322 611 2364 coeciperent
641 2320 838 2354 Meinekius
861 2320 999 2361 fecerat
1024 2321 1037 2364 ll
1070 2322 1134 2355 142
1158 2320 1202 2354 Ν.
1221 2331 1259 2364 p.
1287 2322 1346 2355 121
1382 2320 1526 2354 hornum

90 2369 126 2399 ot
144 2376 180 2409 p.
206 2367 273 2401 355
297 2376 465 2409 occupare
481 2365 494 2411 ΙΙ
515 2367 578 2401 143
603 2365 647 2401 Ν.
670 2377 704 2409 p.
733 2367 796 2400 152
822 2366 988 2409 praebitio
1009 2367 1014 2410 Ι
1035 2366 1134 2400 ianua
1159 2366 1412 2407 Quia-heratius
1430 2364 1443 2411 ΙΙ
1461 2366 1526 2401 144

22 2421 26 2424 ’
92 2410 136 2445 Ν.
156 2422 194 2455 p.
226 2414 289 2447 451
328 2412 440 2446 ebrios
476 2420 481 2455 Ι
518 2411 606 2455 dape
638 2421 725 2455 aqua
757 2412 860 2445 ebriis
885 2411 1035 2446 sesticae.
1068 2413 1156 2445 haec
1179 2414 1214 2444 et
1235 2411 1369 2445 similia
1390 2421 1525 2454 graece

90 2457 187 2497 ficata
211 2469 232 2491 a
259 2458 422 2492 Varrone
445 2457 574 2490 litteris
596 2456 737 2491 Nonius
761 2457 901 2500 quidem
924 2458 1070 2500 scripsit
1093 2457 1244 2500 latinisn
1266 2458 1328 2491 145
1351 2455 1443 2500 Ν.ρ.
1459 2458 1524 2491 355

92 2503 286 2547 occupat-eu
307 2503 370 2537 146
394 2501 439 2536 Ν.
451 2513 486 2546 p.
504 2503 569 2537 242
594 2506 715 2543 atrum,
737 2512 772 2544 p.
789 2503 852 2536 153
880 2511 1013 2545 pueros,
1033 2513 1070 2545 p.
1088 2503 1153 2537 421
1172 2502 1240 2543 vix,
1253 2512 1290 2545 p.
1306 2503 1374 2537 356
1385 2501 1527 2546 opinion

97 2548 157 2582 14⁵1
183 2547 228 2582 Ν.
248 2558 286 2591 p.
312 2549 377 2583 285
401 2547 583 2582 decernere
609 2550 643 2580 et
661 2558 698 2590 p.
725 2549 786 2582 381
814 2547 937 2580 referre
967 2546 980 2592 ΙΙ
1013 2549 1076 2599 148
1100 2546 1145 2583 Ν.
1175 2557 1212 2591 p.
1237 2548 1280 2582 35
1305 2551 1469 2592 arquatus
1493 2550 1528 2580 et

88 2594 209 2671 p3d5452
233 2593 543 2672 luteus5419arquatis
568 2598 602 2627 et
627 2593 717 2626 lutea
740 2603 775 2636 p.
795 2594 871 2634 549,
896 2595 1047 2637 arquatis
1071 2594 1105 2627 et
1130 2595 1271 2637 uterque
1293 2603 1328 2637 p.
1354 2594 1396 2628 35
1424 2592 1429 2637 Ι
1451 2602 1526 2627 esse

93 2647 127 2670 vi
152 2647 193 2671 en
210 2648 249 2672 m·
267 2648 306 2681 p.

163 2697 292 2726 Petronll
311 2697 419 2726 satirae
441 2698 486 2726 ed.
507 2698 546 2726 Ill
1210 2695 1252 2728 12
