1728 2886
669 147 852 181 SATlRAE
1409 146 1433 184 3
1440 147 1460 183 1

0 265 140 304 lnum
160 262 268 303 lavat.
308 262 448 302 videris
476 261 582 310 mibi,
613 262 896 313 Agamemnon,
928 262 1074 302 dicere:
1107 260 1226 313 “quid
1254 261 1324 301 iste
1345 273 1460 313 argu·
1475 263 1529 303 46

43 325 99 360 tat
116 320 303 359 molestus
313 317 358 358 ‘2⁹’
398 318 485 370 quia
506 324 548 358 tu
562 348 572 367 ,
595 318 660 369 qui
681 323 792 369 potes
814 315 967 372 [loqui],
999 330 1080 357 non
1102 318 1276 369 loquere.
1319 330 1399 357 non
1424 330 1464 357 es

0 378 2 431 ᾗ
45 382 203 416 nostrae
233 376 392 423 fasciae,
423 381 461 414 et
489 373 576 414 ideo
605 385 870 426 pauperorum
898 374 1016 414 verba
1046 374 1210 414 derides.
1251 374 1395 414 scimus
1425 380 1463 414 te

0 432 1 465 i
44 443 139 484 prae
170 432 302 471 literas
342 432 487 470 fatuum
519 443 615 470 esse.
657 430 749 481 quid
770 442 863 482 ergo
892 429 981 470 est?
1012 430 1137 482 aliqua
1160 431 1221 470 die
1242 437 1279 470 te
1300 442 1462 482 persua-

44 489 156 529 deam
176 494 219 528 ut
239 488 286 526 ad
306 488 432 527 villam
451 487 582 527 venias
611 492 649 526 et
668 486 797 526 videas
827 486 976 526 casulas
1006 485 1188 526 nostras?
1219 487 1462 527 inveniemus

43 545 148 596 quod
168 545 467 591 manducemus,
488 543 636 595 pullum
650 573 660 590 ‚
683 555 772 582 ova:
794 542 894 582 belle
916 542 1008 590 erit,
1039 543 1153 582 etiam
1183 543 1214 582 si
1236 543 1366 582 omnia
1386 543 1462 582 hoc

43 613 147 641 anno
177 606 386 652 tempestas
415 600 568 651 dispare
599 599 770 651 pallavit:
810 599 1052 638 inveniemus
1082 611 1175 650 ergo
1206 599 1312 638 unde
1341 600 1463 639 saturi

42 659 191 697 fiamus.
233 663 271 696 et
290 657 365 696 iam
385 656 453 695 tibi
476 656 688 708 discipulus
708 655 848 695 crescit
870 655 997 695 cicaro
1018 667 1142 695 meus.
1182 655 1257 694 iam
1279 661 1464 707 quattuor

42 714 163 766 partis
183 713 295 762 dicit;
316 713 347 753 si
369 712 515 760 vixerit,
536 711 696 752 habebis
718 712 763 751 ad
793 711 894 751 latus
915 712 1121 751 servulum.
1163 724 1254 751 nam
1276 711 1462 763 quicquid

41 769 96 810 illi
115 776 234 817 vacat,
256 776 372 821 caput
391 770 438 808 de
461 769 589 808 tabula
612 781 692 808 non
713 768 824 810 tollit.
865 768 1093 820 ingeniosus
1114 774 1172 808 est
1193 775 1231 808 et
1250 768 1355 807 bono
1377 769 1456 815 filo,

42 826 156 866 etiam
178 826 266 866 siin
282 838 370 865 aves
384 825 591 864 morbosus
607 830 676 864 est.
708 836 779 876 ego
797 824 851 864 illi
872 825 947 863 iam
969 830 1049 864 tres
1070 825 1243 864 cardeles
1265 825 1400 872 occidi,
1423 831 1461 864 et

41 882 119 922 dixi
142 882 246 933 quod
268 882 443 921 mustella
459 881 639 921 comedit.
671 881 819 920 invenit
839 887 966 920 tamen
991 881 1083 920 alias
1103 882 1253 929 nenias,
1275 887 1313 920 et
1333 881 1459 920 liben-

41 938 188 978 tissime
208 938 347 990 pingit.
379 944 551 977 ceterum
572 937 647 976 iam
664 937 862 976 Graeculis
883 938 1026 976 calcem
1047 937 1229 988 impingit
1249 943 1287 976 et
1302 937 1460 977 Latinas

42 995 172 1046 coepit
192 1007 271 1034 non
294 994 392 1033 male
414 999 618 1045 appetere,
650 993 764 1032 etiam
784 994 816 1033 si
838 993 1021 1044 magister
1041 993 1123 1033 eius
1144 994 1216 1033 sibi
1238 994 1396 1045 placens
1417 995 1460 1033 fit

41 1062 114 1090 nec
133 1063 214 1090 uno
234 1050 321 1090 loco
342 1050 533 1098 consistit,
555 1050 623 1089 sed
643 1049 760 1097 venit,
783 1050 870 1089 dem
891 1050 1033 1096 literas,
1055 1049 1120 1089 sed
1144 1063 1225 1089 non
1247 1050 1328 1088 vult
1347 1049 1458 1090 labo-

39 1118 138 1147 rare.
168 1114 226 1147 est
246 1113 284 1146 et
303 1106 400 1145 alter
416 1119 497 1146 non
515 1105 671 1157 quidem
687 1105 839 1154 doctus,
861 1106 928 1146 sed
945 1106 1135 1152 curiosus,
1157 1106 1224 1157 qui
1239 1106 1327 1158 plus
1344 1107 1458 1146 docet

41 1175 154 1215 quam
174 1163 260 1203 scit.
290 1163 419 1214 itaque
439 1162 585 1202 feriatis
605 1162 742 1202 diebus
762 1162 861 1202 solet
875 1163 1034 1201 domum
1050 1162 1194 1211 venire,
1216 1169 1255 1201 et
1270 1162 1457 1213 quicquid

39 1218 201 1268 dederis,
223 1225 431 1259 contentus
452 1225 523 1259 est.
563 1218 638 1258 emi
660 1231 753 1270 ergo
775 1230 882 1258 nunc
901 1231 1021 1270 puero
1043 1219 1190 1270 aliquot
1208 1218 1306 1257 libra
1328 1219 1456 1259 rubri-

41 1281 136 1324 cata,
152 1276 241 1327 quia
250 1275 337 1315 volo
352 1275 460 1315 illum
477 1275 524 1314 ad
540 1275 812 1315 domusionem
827 1275 971 1326 aliquid
988 1275 1035 1314 de
1051 1274 1135 1314 iure
1151 1280 1320 1326 gustare.
1341 1275 1458 1315 habet

39 1331 134 1372 haec
147 1345 211 1372 res
226 1343 379 1384 panem.
402 1344 491 1371 nam
507 1331 627 1371 literis
641 1331 732 1371 satis
751 1331 979 1382 inquinatus
994 1337 1065 1371 est.
1096 1331 1200 1382 quod
1217 1331 1248 1371 si
1264 1331 1456 1381 resilierit,

40 1388 226 1428 destinavi
255 1388 362 1428 illum
393 1388 543 1427 artificii
564 1388 725 1435 docere,
757 1394 823 1427 aut
851 1387 1112 1427 tonstreinum
1133 1394 1200 1427 aut
1219 1399 1456 1439 praeconem

39 1451 108 1485 aut
128 1451 232 1484 certe
262 1445 520 1491 causidicum,
551 1444 656 1495 quod
686 1444 739 1483 illi
760 1444 914 1483 auferre
946 1456 1026 1483 non
1056 1444 1180 1496 possit
1209 1444 1284 1484 nisi
1316 1444 1455 1484 Orcus.

40 1500 126 1541 ideo
147 1501 201 1540 illi
223 1501 362 1540 cotidie
384 1501 527 1540 clamo:
559 1500 801 1551 “Primigeni
817 1529 826 1547 ,
849 1499 965 1540 crede
985 1500 1100 1548 mihi,
1123 1500 1307 1551 quicquid
1329 1500 1456 1550 discis,

40 1555 111 1596 tibi
131 1557 259 1597 discis.
288 1557 394 1596 vides
410 1557 658 1596 Phileronem
680 1556 937 1596 causidicum:
959 1556 991 1595 si
1013 1568 1093 1595 non
1115 1556 1322 1604 didicisset,
1343 1557 1457 1596 hodie

39 1613 179 1653 samem
199 1625 220 1652 a
240 1612 357 1653 labris
378 1625 458 1652 non
479 1612 664 1663 abigeret.
703 1612 833 1663 modo,
855 1612 969 1652 modo
993 1612 1091 1651 collo
1113 1624 1183 1652 suo
1205 1612 1456 1653 circumfere-

41 1669 108 1709 bat
128 1682 247 1709 onera
269 1669 435 1716 venalia,
468 1681 575 1708 nunc
606 1669 720 1708 etiam
750 1669 933 1708 adversus
952 1668 1178 1708 Norbanum
1209 1681 1250 1709 se
1271 1670 1456 1709 extendit.

41 1725 174 1766 literae
194 1725 418 1765 thesaurum
440 1732 510 1772 est,
532 1731 571 1764 et
590 1725 795 1764 artificium
818 1737 1019 1776 nunquam
1040 1725 1244 1764 moritur’'.

154 1781 340 1821 eiusmodi
361 1781 512 1820 tabulae
532 1781 756 1829 vibrabant,
788 1793 877 1821 cum
899 1781 1132 1820 Trimalchio
1154 1781 1308 1821 intravit
1328 1788 1366 1822 et
1386 1781 1454 1822 de·
1470 1779 1522 1818 47

41 1843 142 1877 tersa
164 1838 292 1876 fronte
313 1843 515 1889 unguento
536 1849 676 1876 manus
695 1837 784 1876 lavit
803 1837 1006 1888 spatioque
1034 1837 1196 1876 minimo
1228 1838 1458 1891 interposito

42 1893 243 1946 ‘ignoscite
263 1893 368 1932 mibi'
390 1893 518 1944 inquit
539 1893 674 1941 ‘amici,
697 1893 828 1932 multis
847 1893 923 1932 iam
944 1893 1082 1933 diebus
1102 1901 1240 1933 venter
1258 1895 1354 1935 mihi
1376 1908 1457 1934 non

41 1949 253 2002 respondit.
295 1961 368 1989 nec
408 1949 547 1988 medici
584 1962 626 1989 se
655 1949 873 1989 inveniunt.
914 1950 1061 2001 profuit
1091 1950 1185 1989 mihi
1217 1956 1345 1991 tamen
1377 1964 1458 1990 ma-

40 2005 217 2046 licorium
238 2012 278 2045 et
296 2006 407 2045 taeda
428 2018 475 2045 ex
495 2013 617 2045 aceto.
658 2018 772 2057 spero
796 2013 948 2053 tamen,
978 2006 1054 2045 iam
1074 2012 1244 2045 veterem
1264 2008 1457 2059 pudorem

41 2061 114 2103 sibi
133 2062 320 2114 imponet.
361 2062 531 2113 alioquin
553 2062 655 2101 circa
674 2063 915 2102 stomachum
946 2062 1039 2101 mihi
1070 2069 1200 2110 sonat,
1231 2070 1344 2114 putes
1374 2051 1458 2103 tau-

42 2129 140 2158 rum.
180 2119 310 2170 itaque
331 2119 362 2158 si
384 2119 470 2170 quis
491 2125 661 2158 vestrum
680 2118 847 2158 voluerit
866 2131 934 2158 sua
955 2130 997 2157 re
1019 2115 1164 2171 [causa]
1195 2120 1321 2159 facere
1335 2150 1344 2168 ‚
1376 2132 1457 2159 non

41 2175 222 2226 estquod
243 2174 348 2214 illum
380 2175 582 2226 pudeatur.
624 2187 740 2214 nemo
771 2181 949 2214 nostrum
980 2175 1101 2214 solide
1132 2181 1245 2215 natus
1275 2182 1344 2215 est.
1385 2189 1457 2228 ego

43 2230 191 2270 nullum
228 2237 323 2283 puto
360 2238 438 2270 tam
477 2243 660 2282 magnum
701 2237 940 2271 tormentum
971 2243 1055 2271 esse
1095 2244 1211 2282 quam
1241 2233 1457 2272 continere.

152 2364 184 2410 2,
198 2367 295 2407 potes
324 2363 462 2408 loquere
497 2374 562 2397 non
593 2363 686 2408 loqui
706 2363 718 2407 ΙΙ
736 2366 754 2398 7
780 2364 960 2408 dispalavit
993 2365 1142 2398 Orellius
1159 2364 1172 2408 ΙΙ
1191 2367 1229 2399 11
1264 2374 1367 2398 naves
1386 2365 1398 2409 ss
1417 2367 1456 2400 13

42 2406 108 2441 inm
130 2407 263 2442 alumna
288 2419 458 2452 creperam
471 2408 642 2442 Graeculis
667 2409 794 2442 calcem
818 2410 1004 2452 impingere
1028 2410 1123 2443 novit
1147 2411 1307 2443 Petronii
1317 2410 1460 2443 Arbitri

42 2454 180 2487 nornine
200 2456 421 2497 praetor-ipen
445 2458 615 2487 memor-at
632 2455 815 2496 fingenius
836 2455 1031 2496 Vulgarius
1055 2455 1187 2488 addens
1209 2465 1378 2499 creperam
1402 2456 1458 2489 vel

42 2495 175 2532 dubiam
206 2498 294 2532 uude
324 2499 556 2542 crepusculum
582 2499 796 2540 (Dummler
826 2500 867 2532 de
891 2500 1041 2532 Auoeilio
1074 2503 1107 2531 et
1134 2500 1308 2542 Vulgam'o
1327 2511 1365 2543 p.
1391 2501 1459 2542 44).

42 2541 235 2585 Fulgeneio
261 2545 346 2577 haec
370 2554 474 2587 quam
498 2545 663 2577 Petronio
698 2545 865 2587 digniora
884 2545 896 2588 ΙΙ
918 2547 958 2578 14
981 2545 1025 2577 sit
1040 2544 1053 2587 ΙΙ
1074 2547 1114 2579 15
1138 2543 1294 2584 fortasse
1317 2546 1459 2579 ventilat

42 2587 176 2631 quidem
198 2588 211 2631 11
237 2590 276 2622 21
315 2588 493 2623 artificium
531 2589 729 2630 Sekefferus
757 2589 762 2634 Ι
789 2590 1015 2623 constreinum
1035 2588 1048 2634 ΙΙ
1072 2591 1112 2624 31
1152 2590 1366 2624 maleicorum
1385 2589 1397 2635 ΙΙ
1416 2592 1458 2624 32

43 2636 192 2668 Ventrem
