1728 2886
687 98 874 135 PRIAPEA
1431 104 1512 143 143

237 211 304 252 sed
326 223 416 252 cum
435 218 478 252 tu
497 213 624 265 posito
646 213 742 255 deus
762 215 912 267 pudore

237 269 420 309 ostendas
439 269 534 309 mihi
555 270 685 311 coleos
705 278 896 324 patentes,

236 337 325 365 cum
345 338 480 366 cunno
501 326 594 366 mihi
614 327 787 368 mentula
808 335 867 368 est
887 330 1071 383 vocanda.

749 439 853 479 XXX

235 515 362 556 ‘Falce
383 516 513 556 minax
533 523 572 557 et
589 524 700 569 parte
721 519 778 558 tui
798 519 957 568 maiore,
981 513 1133 585 Priape,

285 573 332 612 ad
353 573 514 621 fontem,
536 585 693 625 quaeso,
714 574 776 614 dic
797 575 891 615 mihi
913 589 988 628 qua
1008 577 1057 617 sit
1078 578 1177 618 iter!

233 629 329 668 vade
349 641 421 681 per
440 629 509 670 has
528 630 636 679 vites,
658 643 824 682 quarum
844 632 875 672 si
897 635 1091 686 carpseris
1113 646 1237 684 uvam,

287 697 359 726 cur
378 685 490 726 aliter
509 699 650 736 sumas,
672 688 826 740 hospes,
847 689 1008 730 habebis
1031 703 1182 743 aquam.

736 789 856 829 XXXI

232 865 368 905 Donec
388 871 566 930 proterva
588 867 644 907 nil
663 868 739 908 mei
761 881 879 909 manu
899 882 1048 923 carpes,

234 922 396 962 licebit
386 935 468 975 ipsa
489 923 542 963 sis
562 923 742 975 pudicior
764 925 887 965 Vesta.

234 979 307 1027 sin,
328 979 425 1019 haec
446 979 523 1019 mei
544 986 580 1019 te
601 981 748 1021 ventris
769 994 875 1021 arma
897 983 1095 1032 laxabunt,

233 1035 338 1075 exire
359 1042 401 1075 ut
420 1036 504 1088 ipse
525 1036 572 1076 de
593 1042 660 1076 tuo
682 1049 802 1088 queas
822 1039 923 1078 culo.

723 1138 863 1179 XXXII

232 1215 320 1256 Vvis
340 1216 485 1256 aridior
503 1216 632 1269 puella
653 1218 790 1270 passis,

231 1272 335 1312 buxo
357 1273 537 1325 pallidior
557 1286 735 1325 novaque
756 1287 857 1322 cera,

232 1329 389 1370 collatas
409 1328 482 1370 sibi
504 1342 602 1382 quae
623 1331 782 1383 suisque
801 1332 986 1372 membris

233 1386 415 1427 formicas
436 1387 528 1426 facit
547 1387 670 1427 altiles
690 1387 823 1435 videri,

232 1442 343 1482 cuius
361 1443 508 1483 viscera
529 1455 610 1483 non
631 1451 765 1496 aperta
786 1445 938 1485 Tuscus
1429 1454 1448 1486 5

233 1511 304 1551 per
323 1499 462 1551 pellem
486 1500 630 1552 poterit
651 1501 779 1541 videre
798 1501 1006 1554 haruspex,

233 1567 332 1607 quae
348 1568 442 1596 suco
460 1562 566 1596 caret
586 1569 711 1609 usque
733 1557 858 1610 putris
878 1571 1032 1611 pumex,

231 1624 348 1652 nemo
370 1613 508 1653 viderit
527 1613 628 1654 hanc
650 1620 694 1654 ut
714 1621 962 1666 expuentem,
1200 1668 1202 1671 v

231 1681 347 1720 quam
369 1682 440 1721 pro
459 1670 651 1722 sanguine
671 1670 871 1723 pulverem
891 1672 1129 1723 scobemque

231 1725 271 1764 in
293 1727 400 1766 venis
422 1727 559 1766 medici
582 1733 721 1779 putant
739 1726 897 1775 habere,
1413 1735 1450 1768 10

232 1782 277 1821 ad
299 1795 360 1822 me
383 1790 499 1823 nocte
519 1783 618 1823 solet
637 1784 772 1824 venire
793 1790 832 1824 et
852 1785 964 1824 affert

231 1838 418 1891 pallorem
440 1841 683 1892 maciemque
703 1840 901 1880 larualem.

230 1895 371 1935 ductor
391 1897 542 1937 ferreus
562 1897 851 1949 insulariusque

231 1951 430 1992 lanternae
446 1954 579 1994 videor
599 1953 738 1994 fricare
759 1966 895 1993 cornu.

712 2066 869 2106 XXXIII

231 2143 369 2183 Naidas
390 2144 539 2196 antiqui
560 2144 808 2199 Dryadasque
830 2145 1001 2185 habuere
1028 2144 1170 2197 Priapi,

284 2206 322 2239 et
343 2213 420 2252 quo
442 2207 548 2241 tenta
569 2201 630 2241 dei
651 2215 748 2242 vena
769 2202 930 2250 subiret,
952 2208 1044 2241 erat.

232 2268 339 2296 nunc
361 2257 456 2298 adeo
480 2257 575 2297 nihil
597 2264 667 2306 est,
689 2259 785 2298 adeo
807 2271 890 2298 mea
912 2259 1028 2312 plena
1051 2257 1170 2297 libido
1192 2264 1261 2304 est,

285 2319 327 2352 ut
346 2313 542 2367 Nymphas
563 2316 690 2355 omnis
709 2315 902 2356 interiisse
922 2321 1067 2367 putem.

233 2375 346 2421 turpe
365 2370 519 2422 quidem
542 2372 659 2419 factu,
681 2372 748 2411 sed
771 2384 820 2411 ne
841 2372 1030 2423 tentigine
1053 2382 1225 2423 rumpar,
1427 2377 1446 2409 5

282 2426 379 2466 falce
401 2427 493 2467 mihi
515 2427 639 2480 posita
658 2428 724 2467 fiet
744 2428 863 2468 amica
885 2440 1035 2468 manus.

193 2557 283 2592 XXX
308 2560 327 2592 3
344 2559 512 2593 edebatur
528 2570 610 2595 uvas
630 2561 636 2600 Ι
672 2563 693 2594 4
710 2571 727 2594 a
756 2570 815 2595 uas
831 2561 928 2604 aliil}
943 2558 1047 2595 XXXI
1065 2560 1108 2595 4i
1137 2569 1174 2594 sa
1190 2560 1203 2604 ΙΙ
1222 2559 1339 2594 XXXII
1357 2563 1375 2594 ¹1
1394 2570 1503 2604 usque

84 2611 217 2647 quaque
242 2613 363 2647 pumex
389 2607 557 2648 temptavi
576 2607 582 2650 Ι
605 2607 644 2640 13
670 2606 745 2640 insu
760 2606 826 2640 aris
850 2616 955 2650 aeque
971 2606 984 2650 ΙΙ
1002 2605 1134 2640 XXXII
1121 2605 1178 2640 16
1203 2605 1288 2640 falce
1313 2615 1412 2640 manu
