1682 2898
215 147 243 184 4

210 260 375 309 Neroni;
407 260 597 311 fregitque
627 259 807 306 anulum,
840 270 890 297 ne
920 269 1009 297 mox
1030 257 1118 297 usui
1139 261 1240 297 esset
1260 257 1306 295 ad
1327 256 1502 297 facienda
1522 257 1629 310 peri·
1675 285 1682 305 ξ

210 317 308 356 cula.
349 315 557 367 ambigenti
578 315 736 362 Neroni,
759 326 929 366 quonam
950 314 1066 354 modo
1088 314 1261 353 noctium
1292 325 1448 353 suarum
1470 313 1628 366 ingenia
1675 316 1682 327 “

210 379 477 420 notescerent,
511 371 673 410 offertur
703 371 794 410 Silia
824 370 1071 410 matrimonio
1094 369 1283 409 senatoris
1312 369 1415 409 haud
1435 369 1568 422 ignota
1589 377 1630 411 et
1677 407 1682 410 Α

208 429 282 481 ipsi
302 429 347 468 ad
369 440 523 479 omnem
545 427 742 467 libidinem
762 427 907 467 adscita
928 439 971 467 ac
994 426 1175 466 Petronio
1197 438 1384 478 perquam
1418 426 1628 468 familiaris.
1679 443 1682 452 2

209 486 334 536 agitur
354 485 393 524 in
416 484 585 531 exilium,
606 489 789 535 tanquam
813 496 893 523 non
914 483 1084 523 siluisset
1104 495 1201 534 quae
1222 483 1369 522 viderat
1397 483 1629 534 pertulerat-

210 554 298 593 que,
319 540 478 593 proprio
501 540 601 580 odio.
1678 541 1682 557 '³

326 796 542 837 Macrobius
563 799 602 836 in
633 799 822 836 somnium
845 796 1031 849 Scipionis
1059 794 1084 834 I
1109 794 1146 843 2,
1177 793 1222 835 8.-
1262 795 1434 836 auditum
1454 797 1630 838 mulcent

210 853 312 893 velut
332 853 553 892 comoediae
585 853 716 904 quales
737 853 949 892 Menander
979 853 1106 892 eiusve
1137 852 1352 892 imitatores
1372 854 1540 904 agendas
1560 854 1629 895 de-

209 909 364 956 derunt,
385 909 444 948 vel
465 917 690 961 argumenta
711 910 810 949 fictis
832 909 984 949 casibus
1006 915 1220 948 amatorum
1243 910 1386 949 referta
1407 910 1549 962 quibus
1568 911 1630 952 vel

208 965 371 1004 multum
401 977 442 1005 se
464 965 619 1005 Arbiter
649 966 822 1006 exercuit
851 965 911 1005 vel
937 965 1144 1018 Apuleium
1175 978 1463 1018 nonnunquam
1491 967 1629 1009 lusisse

209 1033 405 1062 miramur.

321 1144 480 1185 Ioannes
497 1145 620 1198 Lydus
641 1146 683 1186 de
703 1145 989 1212 magestratibus
1009 1143 1032 1184 Ι
1049 1143 1123 1185 41:
1157 1146 1347 1197 Τοῦρνος
1369 1143 1417 1187 δὲ
1435 1146 1508 1188 καὶ
1521 1140 1629 1190 Ἰου-

206 1199 409 1254 βενάλιος
438 1202 511 1244 καὶ
542 1201 793 1256 Πετρώνιος
826 1196 1018 1243 αἰτόθεν
1048 1208 1145 1250 ταῖς
1177 1201 1420 1257 λοιδορίαις
1449 1201 1630 1254 ἐπεξελ-

207 1255 368 1307 θόντες
388 1255 464 1300 τὸν
488 1257 718 1314 σατυρικὸν
741 1257 874 1312 νόμον
896 1259 1199 1313 παρέτρωσαν.
