1728 2886
654 139 842 175 SATlRAE
1410 142 1434 180 6
1441 143 1461 181 1

234 308 409 349 incendit
429 321 577 362 aequor
596 310 798 362 sibilisque
818 312 947 351 undae
968 313 1154 352 fremunt.
1315 321 1353 353 40

0 412 4 416 Α
233 371 420 417 stupuere
443 372 607 406 mentes.
648 367 784 407 infulis
803 367 962 408 stabant
981 369 1082 408 sacri

0 420 6 448 ἓ
46 436 74 455 ν
235 421 484 474 Phrygioque
505 422 611 462 cultu
634 423 788 474 gemina
812 425 891 463 nati
914 424 1079 476 pignora

234 478 446 518 Lauconte.
488 491 588 530 quos
607 487 770 532 repente
791 479 1015 531 tergoribus
1036 481 1157 533 ligant

234 546 383 586 angues
403 535 570 575 corusci.
610 536 790 587 parvulas
810 536 863 576 illi
883 548 1025 576 manus

234 591 279 630 ad
302 603 370 630 ora
391 591 580 639 referunt,
603 598 744 632 neuter
763 593 907 632 auxilio
928 593 1013 640 sibi,
1315 602 1353 633 45

233 652 400 699 uterque
419 647 552 687 fratri:
575 649 773 689 transtulit
792 649 916 702 pietas
936 649 1039 689 vices

234 715 420 755 morsque
441 704 525 756 ipsa
546 705 710 745 miseros
731 711 869 745 mutuo
889 706 1018 758 perdit
1038 711 1157 746 metu.

236 760 454 800 accumulat
475 773 566 800 ecce
587 761 754 801 liberum
776 763 896 802 funus
916 774 1072 814 parens,

235 816 416 856 infirmus
436 817 651 857 auxiliator.
692 818 883 858 invadunt
902 819 1027 858 virum

234 873 308 911 iam
325 879 451 912 morte
468 874 566 925 pasti
579 874 833 926 membraque
852 875 898 914 ad
919 881 1064 914 terram
1086 875 1259 915 trahunt.
1317 882 1356 914 50

235 928 333 967 iacet
355 929 537 969 sacerdos
558 930 662 970 inter
681 943 768 971 aras
788 932 941 971 victima

231 990 455 1036 terramque
475 986 638 1038 plangit.
678 987 734 1027 sic
755 987 970 1039 profanatis
990 987 1109 1027 sacris

233 1041 407 1093 peritura
427 1042 542 1081 Troia
565 1043 731 1094 perdidit
753 1044 925 1095 primum
947 1044 1053 1083 deos.

289 1097 362 1136 iam
385 1098 500 1150 plena
522 1098 680 1139 Phoebe
700 1100 908 1140 candidum
931 1099 1122 1139 extulerat
1141 1100 1255 1140 iubar

232 1153 382 1193 minora
405 1154 555 1195 ducens
574 1161 675 1196 astra
697 1157 863 1196 radianti
886 1157 981 1203 face,
1316 1165 1354 1197 55

233 1221 322 1249 cum
345 1211 449 1250 inter
469 1212 645 1263 sepultos
666 1213 880 1253 Priamidas
901 1219 1019 1252 nocte
1041 1218 1079 1252 et
1100 1223 1209 1252 mero

232 1266 354 1306 Danai
376 1267 552 1308 relaxant
573 1269 738 1309 claustra
761 1276 801 1309 et
821 1269 1032 1309 effundunt
1051 1269 1166 1309 viros.

231 1329 427 1375 temptant
447 1323 486 1363 in
510 1325 629 1365 armis
648 1337 690 1366 se
712 1326 846 1374 duces,
878 1338 951 1365 ceu
972 1325 1039 1365 ubi
1060 1325 1161 1365 solet

233 1380 337 1419 nodo
359 1380 544 1421 remissus
565 1382 738 1423 Thessali
760 1382 985 1435 quadrupes
1005 1382 1085 1433 iugi

233 1436 422 1476 cervicem
445 1443 485 1476 et
503 1438 600 1478 altas
620 1446 782 1490 quatere
803 1440 847 1478 ad
871 1451 1080 1478 excursum
1103 1438 1227 1479 iubas.
1314 1447 1353 1480 60

232 1492 381 1543 gladios
402 1499 627 1541 retractant,
649 1501 900 1535 commovent
920 1495 1036 1535 orbes
1055 1507 1175 1535 manu

231 1548 457 1600 bellumque
477 1559 650 1591 sumunt.
690 1552 755 1591 hic
775 1564 910 1603 graves
931 1551 1029 1592 alius
1049 1564 1158 1591 mero

236 1605 447 1645 obtruncat
467 1613 505 1646 et
526 1608 732 1648 continuat
752 1609 791 1647 in
812 1614 978 1648 mortem
1000 1608 1174 1648 ultimam

236 1674 408 1709 somnos,
431 1662 479 1702 ab
501 1664 578 1703 aris
599 1664 696 1705 alius
717 1665 894 1705 accendit
914 1666 1020 1704 faces

236 1724 452 1770 contraque
473 1719 595 1760 Troas
615 1720 770 1761 invocat
790 1721 931 1760 Troiae
951 1721 1086 1761 sacra.’
1315 1728 1354 1761 65

150 1770 159 1826 Ι
187 1786 209 1811 *
231 1786 278 1813 ex
299 1774 351 1822 is,
373 1775 440 1826 qui
462 1776 501 1815 in
523 1777 743 1828 porticibus
765 1777 1054 1830 spatiabantur,
1075 1778 1222 1830 lapides
1242 1777 1280 1817 in
1304 1777 1466 1819 Eumol·
1481 1783 1534 1824 90

34 1839 128 1881 pum
146 1830 377 1870 recitantem
399 1832 604 1872 miserunt.
645 1840 684 1873 at
714 1834 799 1881 ille,
832 1834 898 1886 qui
929 1834 1110 1886 plausum
1140 1834 1289 1898 ingenii
1310 1835 1371 1875 sui
1392 1848 1466 1875 no-

34 1890 161 1934 verat,
192 1887 349 1939 operuit
369 1895 486 1940 caput
507 1895 696 1941 extraque
717 1891 908 1942 templum
929 1891 1116 1943 profugit.
1157 1891 1269 1931 timui
1290 1903 1384 1944 ego,
1417 1905 1467 1932 ne

35 1950 97 1981 me
114 1948 270 2006 poetam
299 1950 468 1984 vocaret.
509 1946 640 1998 itaque
671 1947 907 1987 subsecutus
937 1947 1153 2000 fugientem
1176 1948 1221 1987 ad
1254 1948 1346 1989 litus
1376 1961 1467 2001 per-

38 1997 137 2045 nni,
167 2004 206 2038 et
234 2006 278 2039 ut
298 2001 468 2052 primum
490 2009 597 2042 extra
620 2003 684 2043 teli
707 2004 930 2044 coniectum
954 2004 1064 2043 licuit
1085 2004 1314 2051 consistere,
1345 2006 1468 2058 ‘rogo'

36 2063 192 2118 mquam
213 2056 317 2108 ‘quid
339 2057 408 2097 tibi
429 2058 487 2097 vis
507 2071 595 2099 cum
618 2060 692 2100 isto
713 2059 883 2100 morbo?
913 2061 1044 2100 minus
1075 2073 1191 2112 quam
1221 2061 1374 2102 duabus
1393 2062 1467 2101 ho-

36 2108 91 2151 ris
116 2122 269 2152 mecum
298 2115 485 2162 moraris,
516 2122 556 2155 et
585 2117 741 2170 saepius
770 2118 923 2169 poetice
954 2129 1071 2169 quam
1100 2118 1272 2157 humane
1312 2118 1468 2159 locutus

5 2177 90 2208 es.
129 2167 260 2233 itaque
282 2182 363 2210 non
386 2171 528 2220 miror,
560 2173 591 2212 si
613 2179 651 2212 te
673 2174 844 2226 populus
874 2173 1069 2238 lapidibus
1089 2175 1352 2226 persequitur.
1393 2188 1466 2228 ego

36 2232 211 2320 wne.
210 2225 340 2266 sinum
369 2238 499 2268 meum
521 2229 623 2269 saxis
653 2230 850 2278 onerabo,
880 2237 925 2270 ut
956 2231 1270 2283 quotiescunque
1290 2232 1469 2284 coeperis

82 2281 278 2331 teexire,
309 2284 540 2336 sanguinem
570 2285 641 2325 tibi
673 2299 691 2325 a
723 2287 850 2339 capite
880 2286 1054 2327 mittam'.
1096 2289 1216 2327 movit
1236 2288 1300 2328 ille
1319 2289 1466 2329 vultum

38 2339 132 2376 ‹it-‘o
151 2337 216 2377 mi’
236 2339 365 2391 inquit
386 2340 649 2390 ‘,adulescens
683 2356 765 2383 non
796 2344 911 2384 hodie
932 2344 1102 2396 primum
1125 2345 1348 2397 auspicatus
1367 2357 1466 2386 sum.

0 153 68 439 k&
233 253 490 293 consentiunt
509 253 737 302 luminibus,
760 255 994 295 fulmineum
1016 255 1131 295 iubar

36 318 82 350 Gt*

0 2408 70 2476 ii*

149 2493 193 2526 39
216 2497 356 2537 pontum
381 2496 481 2530 iubae
507 2498 727 2532 convestiunt
744 2499 922 2542 Ηαιιρίίηε
943 2503 1024 2542 post
1045 2499 1230 2534 luminibus
1247 2501 1470 2534 intercidisse

38 2541 326 2581 mummius
365 2551 408 2584 eg
411 2551 431 2574 ο
463 2543 667 2586 anguineum
696 2547 869 2586 proposui
900 2545 912 2588 ΙΙ
945 2546 988 2579 40
1020 2548 1167 2579 tremunt
1199 2545 1212 2591 fl
1243 2547 1286 2581 58
1316 2556 1378 2581 ceu
1410 2547 1467 2591 qui

37 2577 262 2628 mliii)
286 2585 375 2619 nudo
400 2586 414 2630 ΙΙ
439 2588 481 2622 63
507 2592 641 2622 noctem
666 2588 817 2632 Dausan
835 2591 880 2623 64
902 2590 1012 2624 avaris
1038 2590 1050 2634 ΙΙ
1073 2593 1096 2625 4
1119 2593 1347 2634 empeotabam
1371 2597 1468 2636 puta-

41 2629 116 2662 Mt
137 2627 152 2672 Ι
177 2629 218 2662 10
241 2631 362 2672 movit]
387 2633 473 2666 haec
497 2636 531 2666 et
554 2633 596 2666 de
618 2636 797 2676 praa-imis
821 2635 1004 2678 complura
1028 2637 1068 2669 in
1092 2639 1209 2670 artius
1231 2637 1377 2671 redacta
