1728 2886
708 150 894 186 SATlRAE
1488 156 1541 194 85

224 262 297 301 iam
320 263 628 314 peragebantur;
650 266 680 305 si
703 266 792 317 quis
812 267 922 306 sinus
943 266 1095 306 abditus
1119 268 1228 316 ultra,

222 319 253 358 si
275 331 350 370 qua
373 320 475 360 foret
494 321 622 369 tellus,
645 333 744 373 quae
765 322 911 362 fulvum
933 323 1108 363 mitteret
1128 337 1281 373 aurum,
1467 335 1485 367 5

223 375 347 415 hostis
368 382 461 424 erat,
482 377 647 428 fatisque
664 377 703 416 in
726 378 851 418 tristia
873 378 972 418 bella
994 380 1138 430 paratis

226 431 518 483 quaerebantur
538 445 644 485 opes.
688 446 768 473 non
792 435 907 486 vulgo
929 441 1022 474 nota
1043 436 1253 487 placebant

224 489 377 541 gaudia,
399 501 479 528 non
503 502 575 529 usu
596 489 751 541 plebeio
772 490 862 530 trita
882 492 1073 542 voluptas.

224 557 288 584 aes
307 544 594 598 Ephyreiacum
615 546 794 586 laudabat
815 547 926 586 miles
947 547 987 586 in
1011 549 1139 596 unda;

225 602 424 652 quaesitus
445 602 585 642 tellure
607 602 712 642 nitor
733 609 949 643 certaverat
970 609 1076 644 ostro
1093 616 1103 651 ;
1450 615 1486 648 10

222 657 317 696 hinc
337 657 526 698 Numidae
547 666 744 707 accusant,
767 659 876 699 illinc
899 672 996 699 nova
1017 661 1159 701 vellera
1181 661 1308 710 Seres,

223 721 339 765 atque
360 714 531 754 Arabum
552 715 724 768 populus
744 729 812 756 sua
834 716 1115 768 despoliaverat
1135 730 1236 758 arva.

224 782 315 810 ecce
337 771 432 810 aliae
453 771 582 811 clades
603 778 642 811 et
662 772 787 812 laesae
807 773 967 812 vulnera
988 774 1107 825 pacis.

225 828 427 878 quaeritur
447 828 487 867 in
509 828 613 868 silvis
634 841 730 868 auro
751 829 844 877 sera,
867 835 905 868 et
926 829 1085 870 ultimus
1107 830 1300 872 Hammon

223 884 408 923 Afrorum
430 885 638 932 excutitur,
661 897 711 924 ne
732 885 831 925 desit
851 886 964 925 belua
986 887 1103 926 dente
1453 897 1488 929 15

223 939 270 979 ad
291 946 438 980 mortes
458 941 649 992 pretiosa;
671 942 792 981 fames
813 943 956 993 premit
977 943 1123 982 advena
1146 943 1302 994 classes,

222 996 334 1048 tigris
355 1002 392 1035 et
413 1002 546 1036 aurata
568 998 751 1048 gradiens
773 1004 948 1037 vectatur
967 999 1007 1038 in
1030 999 1129 1047 aula,

223 1058 266 1092 ut
287 1052 394 1092 bibat
413 1053 628 1093 humanum
648 1054 797 1106 populo
818 1055 1029 1106 plaudente
1050 1068 1248 1096 cruorem.

222 1109 313 1157 heu,
334 1109 455 1161 pudet
475 1110 583 1149 effari
604 1110 858 1162 perituraque
880 1111 1046 1163 prodere
1068 1112 1156 1160 fata,

224 1165 432 1205 Persarum
455 1166 531 1206 ritu
554 1166 654 1206 male
674 1166 985 1219 pubescentibus
1006 1168 1121 1208 annis
1450 1178 1489 1211 2ο

223 1222 450 1274 surripuere
470 1223 574 1262 viros
595 1229 827 1275 exsectaque
847 1224 996 1264 viscera
1018 1225 1123 1263 ferro

224 1279 264 1318 in
286 1291 469 1318 venerem
491 1279 658 1331 fregere,
680 1286 796 1331 atque
817 1286 860 1320 ut
880 1281 968 1332 fuga
991 1280 1136 1321 nobilis
1156 1282 1238 1321 aevi

223 1335 517 1388 circumscripta
538 1348 647 1375 mora
668 1342 929 1388 properantes
949 1337 1103 1377 differat
1123 1349 1261 1387 annos,

224 1392 376 1443 quaerit
396 1404 438 1431 se
460 1398 600 1432 natura
622 1405 696 1432 nec
717 1393 878 1432 invenit.
919 1393 1103 1434 omnibus
1124 1406 1218 1446 ergo

223 1453 351 1488 scorta
373 1448 530 1500 placent
550 1449 741 1501 fractique
762 1450 893 1489 enervi
916 1462 1084 1502 corpore
1103 1462 1263 1502 gressus
1451 1459 1489 1491 25

224 1510 263 1543 et
282 1504 357 1543 laxi
378 1505 507 1544 crines
528 1511 566 1544 et
586 1510 645 1545 tot
665 1518 763 1545 nova
786 1506 946 1545 nomina
966 1506 1096 1554 vestis,

223 1572 400 1612 quaeque
422 1561 546 1600 virum
568 1568 778 1613 quaerunt.
820 1574 912 1602 ecce
935 1562 1038 1602 Afris
1059 1569 1170 1603 eruta
1191 1563 1308 1603 terris

224 1617 388 1669 ponitur
409 1629 453 1656 ac
474 1618 636 1658 maculis
656 1618 830 1658 imitatur
849 1618 962 1658 vilius
982 1631 1123 1658 aurum
1451 1628 1490 1661 29

224 1673 343 1712 citrea
364 1685 500 1714 mensa
519 1686 660 1726 greges
680 1687 883 1714 servorum
905 1681 1136 1727 ostrumque
1156 1676 1356 1724 renidens,
1452 1684 1490 1717 28

224 1741 324 1781 quae
341 1742 499 1770 sensum
518 1731 654 1770 trahat.
686 1731 761 1770 hoc
776 1731 908 1771 sterile
926 1744 970 1771 ac
992 1732 1091 1771 male
1114 1732 1245 1772 nobile
1266 1732 1418 1785 lignum
1452 1741 1491 1773 30

225 1786 338 1825 turba
359 1787 509 1839 sepulta
531 1799 641 1826 mero
663 1787 810 1827 circum
831 1787 948 1836 venit,
971 1788 1180 1840 omniaque
1201 1788 1307 1829 orbis

223 1843 395 1894 praemia
417 1843 613 1895 corruptis
633 1843 745 1883 miles
766 1855 883 1894 vagus
904 1844 1024 1884 esurit
1043 1845 1172 1884 armis.

225 1898 430 1951 ingeniosa
451 1899 541 1950 gula
561 1906 631 1940 est.
674 1900 806 1940 Siculo
827 1912 962 1940 scarus
983 1913 1154 1952 aequore
1175 1913 1328 1941 mersus

225 1955 272 1995 ad
291 1967 469 1995 mensam
488 1956 597 1996 vivus
617 1956 858 2008 perducitur,
880 1963 996 2008 atque
1018 1957 1199 1997 Lucrinis

223 2017 332 2051 eruta
351 2011 532 2052 litoribus
551 2013 728 2052 vendunt
747 2013 950 2065 conchylia
970 2025 1099 2061 cenas,
1451 2020 1490 2053 35

224 2074 268 2108 ut
286 2074 479 2108 renovent
507 2081 580 2121 per
600 2069 740 2109 damna
762 2070 916 2109 famem.
957 2070 1033 2108 iam
1056 2070 1243 2110 Phasidos
1262 2069 1368 2109 unda

225 2124 361 2164 orbata
383 2131 441 2165 est
461 2125 608 2174 avibus,
630 2132 819 2177 mutoque
840 2126 878 2165 in
902 2126 1016 2165 litore
1038 2131 1189 2166 tantum

224 2181 328 2221 solae
349 2181 513 2222 desertis
533 2182 734 2233 adspirant
753 2182 961 2222 frondibus
981 2194 1110 2222 aurae.

228 2250 300 2277 nec
321 2238 452 2277 minor
472 2238 511 2278 in
543 2251 682 2291 campo
703 2239 814 2279 furor
834 2245 905 2286 est,
927 2239 1126 2291 emptique
1148 2238 1323 2285 Quirites

225 2294 271 2333 ad
293 2294 476 2346 praedam
497 2295 783 2348 strepitumque
804 2295 903 2335 lucri
924 2295 1108 2347 suffragia
1128 2300 1298 2334 vertunt.
1451 2302 1489 2334 40

224 2350 370 2390 venalis
390 2351 574 2404 populus,
596 2352 742 2391 venalis
762 2351 870 2391 curia
891 2357 1059 2403 patrum,

226 2462 247 2494 9
270 2471 453 2505 epyrecum
471 2462 484 2506 11
505 2465 541 2496 11
561 2463 754 2496 accusatius
779 2462 824 2494 O:
848 2461 1014 2495 Numidae
1039 2464 1168 2495 crustas
1187 2461 1379 2504 Scaliger-11
1398 2462 1439 2496 14
1455 2462 1545 2494 circo

114 2503 154 2538 H.
178 2504 408 2551 Stephanmu
429 2509 468 2541 17
494 2511 607 2542 aerata
634 2507 900 2541 Brouckhueius
922 2507 934 2550 11
967 2509 1008 2542 19
1033 2507 1120 2540 sacta
1145 2506 1374 2540 Burmannus
1390 2504 1403 2551 ΙΙ
1422 2507 1462 2541 21
1489 2515 1545 2539 ex-

112 2551 255 2594 neuque
283 2551 310 2584 0
380 2553 422 2586 22
452 2552 590 2586 mobilis
623 2553 737 2586 codem
767 2552 1002 2585 Monacensis.
1047 2554 1134 2595 puto
1165 2551 1291 2586 nubilis
1323 2554 1327 2594 Ι
1360 2561 1446 2585 aevo
1473 2550 1500 2584 0

112 2594 156 2629 29
179 2595 305 2630 vilibus
354 2598 397 2632 28
421 2607 520 2631 aurea
540 2597 553 2641 ΙΙ
570 2599 613 2631 30
630 2596 791 2642 trahantfl
811 2598 853 2631 32
872 2597 1034 2642 correptis
1057 2596 1062 2641 Ι
1083 2597 1210 2631 extruit
1233 2597 1399 2631 nonnulli
1421 2607 1468 2629 ex
1482 2596 1509 2628 O

114 2639 156 2674 37
181 2645 318 2675 cantum
342 2642 539 2676 Palmaria:
