<?xml version="1.0" encoding="UTF-8"?>
<!DOCTYPE html PUBLIC "-//W3C//DTD XHTML 1.0 Transitional//EN"
    "http://www.w3.org/TR/xhtml1/DTD/xhtml1-transitional.dtd">
<html xmlns="http://www.w3.org/1999/xhtml" xml:lang="en" lang="en">
 <head>
  <title>
</title>
<meta http-equiv="Content-Type" content="text/html;charset=utf-8" />
  <meta name='ocr-system' content='tesseract 3.04.00' />
  <meta name='ocr-capabilities' content='ocr_page ocr_carea ocr_par ocr_line ocrx_word'/>
</head>
<body>
  <div class='ocr_page' id='page_1' title='image "./satiraeetliberpr00petruoft_0152.png"; bbox 0 0 1728 2886; ppageno 0'>
   <div class='ocr_carea' id='block_1_1' title="bbox 237 134 1042 173">
    <p class='ocr_par' dir='ltr' id='par_1_1' title="bbox 237 134 1042 173">
     <span class='ocr_line' id='line_1_1' title="bbox 237 134 1042 173; baseline -0.001 0"><span class='ocrx_word' id='word_1_1' title='bbox 237 134 318 173; x_wconf 84' lang='lat'><strong>148</strong></span> <span class='ocrx_word' id='word_1_2' title='bbox 847 135 1042 172; x_wconf 82' lang='lat' dir='ltr'><strong>CARMINA</strong></span> 
     </span>
    </p>
   </div>
   <div class='ocr_carea' id='block_1_2' title="bbox 290 249 1440 927">
    <p class='ocr_par' dir='ltr' id='par_1_2' title="bbox 387 249 1262 414">
     <span class='ocr_line' id='line_1_2' title="bbox 388 249 1260 305; baseline 0.007 -17"><span class='ocrx_word' id='word_1_3' title='bbox 388 261 462 289; x_wconf 89' lang='lat' dir='ltr'><strong>nec</strong></span> <span class='ocrx_word' id='word_1_4' title='bbox 482 249 697 290; x_wconf 86' lang='lat' dir='ltr'><strong>seminosas</strong></span> <span class='ocrx_word' id='word_1_5' title='bbox 717 250 765 290; x_wconf 90' lang='lat' dir='ltr'><strong>ad</strong></span> <span class='ocrx_word' id='word_1_6' title='bbox 785 250 1010 292; x_wconf 84' lang='lat' dir='ltr'><strong>cucurbitas</strong></span> <span class='ocrx_word' id='word_1_7' title='bbox 1024 263 1260 305; x_wconf 85' lang='lat' dir='ltr'><strong>quemquam</strong></span> 
     </span>
     <span class='ocr_line' id='line_1_3' title="bbox 387 306 1262 360; baseline 0.007 -15"><span class='ocrx_word' id='word_1_8' title='bbox 387 306 434 345; x_wconf 88' lang='lat' dir='ltr'><strong>ad</strong></span> <span class='ocrx_word' id='word_1_9' title='bbox 457 306 676 346; x_wconf 86' lang='lat' dir='ltr'><strong>ocimumve</strong></span> <span class='ocrx_word' id='word_1_10' title='bbox 697 319 1006 360; x_wconf 78' lang='lat' dir='ltr'><strong>cucumerosque</strong></span> <span class='ocrx_word' id='word_1_11' title='bbox 1021 308 1130 349; x_wconf 86' lang='lat' dir='ltr'><strong>humi</strong></span> <span class='ocrx_word' id='word_1_12' title='bbox 1152 311 1262 351; x_wconf 83' lang='lat' dir='ltr'><strong>fusos</strong></span> 
     </span>
     <span class='ocr_line' id='line_1_4' title="bbox 387 363 1090 414; baseline 0.006 -13"><span class='ocrx_word' id='word_1_13' title='bbox 387 363 519 402; x_wconf 87' lang='lat' dir='ltr'><strong>venire</strong></span> <span class='ocrx_word' id='word_1_14' title='bbox 540 363 672 414; x_wconf 89' lang='lat' dir='ltr'><strong>credo,</strong></span> <span class='ocrx_word' id='word_1_15' title='bbox 694 364 896 404; x_wconf 88' lang='lat' dir='ltr'><strong>sessilesve</strong></span> <span class='ocrx_word' id='word_1_16' title='bbox 918 364 1090 406; x_wconf 88' lang='lat' dir='ltr'><strong>lactucas</strong></span> 
     </span>
    </p>

    <p class='ocr_par' dir='ltr' id='par_1_3' title="bbox 292 421 1155 474">
     <span class='ocr_line' id='line_1_5' title="bbox 292 421 1155 474; baseline 0.005 -16"><span class='ocrx_word' id='word_1_17' title='bbox 292 426 330 459; x_wconf 86' lang='lat'><strong>22</strong></span> <span class='ocrx_word' id='word_1_18' title='bbox 387 431 574 471; x_wconf 90' lang='lat' dir='ltr'><strong>acresque</strong></span> <span class='ocrx_word' id='word_1_19' title='bbox 596 432 734 473; x_wconf 89' lang='lat' dir='ltr'><strong>caepas</strong></span> <span class='ocrx_word' id='word_1_20' title='bbox 753 421 952 474; x_wconf 88' lang='lat' dir='ltr'><strong>aliumque</strong></span> <span class='ocrx_word' id='word_1_21' title='bbox 971 423 1155 471; x_wconf 84' lang='lat' dir='ltr'><strong>furatum,</strong></span> 
     </span>
    </p>

    <p class='ocr_par' dir='ltr' id='par_1_4' title="bbox 291 477 1440 700">
     <span class='ocr_line' id='line_1_6' title="bbox 291 477 1119 520; baseline 0.005 -5"><span class='ocrx_word' id='word_1_22' title='bbox 291 483 330 515; x_wconf 86' lang='lat'><strong>20</strong></span> <span class='ocrx_word' id='word_1_23' title='bbox 388 488 461 516; x_wconf 89' lang='lat' dir='ltr'><strong>nec</strong></span> <span class='ocrx_word' id='word_1_24' title='bbox 482 481 526 516; x_wconf 86' lang='lat' dir='ltr'><strong>ut</strong></span> <span class='ocrx_word' id='word_1_25' title='bbox 545 477 691 517; x_wconf 90' lang='lat' dir='ltr'><strong>salaces</strong></span> <span class='ocrx_word' id='word_1_26' title='bbox 711 484 829 518; x_wconf 89' lang='lat' dir='ltr'><strong>nocte</strong></span> <span class='ocrx_word' id='word_1_27' title='bbox 849 479 960 518; x_wconf 87' lang='lat' dir='ltr'><strong>tollat</strong></span> <span class='ocrx_word' id='word_1_28' title='bbox 979 491 1119 520; x_wconf 88' lang='lat' dir='ltr'><strong>erucas</strong></span> 
     </span>
     <span class='ocr_line' id='line_1_7' title="bbox 386 534 1317 586; baseline 0.006 -14"><span class='ocrx_word' id='word_1_29' title='bbox 386 539 639 586; x_wconf 89' lang='lat' dir='ltr'><strong>mentamque</strong></span> <span class='ocrx_word' id='word_1_30' title='bbox 661 534 831 575; x_wconf 87' lang='lat' dir='ltr'><strong>olentem</strong></span> <span class='ocrx_word' id='word_1_31' title='bbox 853 547 943 575; x_wconf 93' lang='lat' dir='ltr'><strong>cum</strong></span> <span class='ocrx_word' id='word_1_32' title='bbox 963 535 1186 578; x_wconf 82' lang='lat' dir='ltr'>salubribus</span> <span class='ocrx_word' id='word_1_33' title='bbox 1205 538 1317 578; x_wconf 90' lang='lat' dir='ltr'><strong>rutis.</strong></span> 
     </span>
     <span class='ocr_line' id='line_1_8' title="bbox 386 589 1440 649; baseline 0.006 -20"><span class='ocrx_word' id='word_1_34' title='bbox 386 602 485 642; x_wconf 90' lang='lat' dir='ltr'><strong>quae</strong></span> <span class='ocrx_word' id='word_1_35' title='bbox 505 597 648 630; x_wconf 86' lang='lat' dir='ltr'><strong>cuncta</strong></span> <span class='ocrx_word' id='word_1_36' title='bbox 670 589 843 643; x_wconf 88' lang='lat' dir='ltr'><strong>quamvis</strong></span> <span class='ocrx_word' id='word_1_37' title='bbox 865 598 1000 632; x_wconf 87' lang='lat' dir='ltr'><strong>nostro</strong></span> <span class='ocrx_word' id='word_1_38' title='bbox 1021 592 1211 635; x_wconf 90' lang='lat' dir='ltr'><strong>habemus</strong></span> <span class='ocrx_word' id='word_1_39' title='bbox 1232 595 1272 635; x_wconf 91' lang='lat' dir='ltr'><strong>in</strong></span> <span class='ocrx_word' id='word_1_40' title='bbox 1294 601 1440 649; x_wconf 88' lang='lat' dir='ltr'><strong>saepto,</strong></span> 
     </span>
     <span class='ocr_line' id='line_1_9' title="bbox 387 646 1158 700; baseline 0.004 -14"><span class='ocrx_word' id='word_1_41' title='bbox 387 659 468 686; x_wconf 92' lang='lat' dir='ltr'><strong>non</strong></span> <span class='ocrx_word' id='word_1_42' title='bbox 490 647 676 699; x_wconf 85' lang='lat' dir='ltr'>pauciora</span> <span class='ocrx_word' id='word_1_43' title='bbox 696 646 866 700; x_wconf 83' lang='lat' dir='ltr'><strong>proximi</strong></span> <span class='ocrx_word' id='word_1_44' title='bbox 887 646 1021 689; x_wconf 84' lang='lat' dir='ltr'><strong>ferunt</strong></span> <span class='ocrx_word' id='word_1_45' title='bbox 1041 650 1158 690; x_wconf 89' lang='lat' dir='ltr'><strong>horti.</strong></span> 
     </span>
    </p>

    <p class='ocr_par' dir='ltr' id='par_1_5' title="bbox 290 703 1300 927">
     <span class='ocr_line' id='line_1_10' title="bbox 290 703 1114 755; baseline 0.005 -13"><span class='ocrx_word' id='word_1_46' title='bbox 290 709 328 742; x_wconf 82' lang='lat'><strong>25</strong></span> <span class='ocrx_word' id='word_1_47' title='bbox 387 703 530 755; x_wconf 86' lang='lat' dir='ltr'><strong>quihus</strong></span> <span class='ocrx_word' id='word_1_48' title='bbox 550 704 696 744; x_wconf 86' lang='lat' dir='ltr'><strong>relictis</strong></span> <span class='ocrx_word' id='word_1_49' title='bbox 716 705 756 744; x_wconf 93' lang='lat' dir='ltr'><strong>in</strong></span> <span class='ocrx_word' id='word_1_50' title='bbox 781 705 875 744; x_wconf 90' lang='lat' dir='ltr'><strong>mihi</strong></span> <span class='ocrx_word' id='word_1_51' title='bbox 896 705 1114 746; x_wconf 84' lang='lat' dir='ltr'><strong>laboratum</strong></span> 
     </span>
     <span class='ocr_line' id='line_1_11' title="bbox 386 760 1138 814; baseline 0.005 -15"><span class='ocrx_word' id='word_1_52' title='bbox 386 760 515 800; x_wconf 91' lang='lat' dir='ltr'><strong>Iocum</strong></span> <span class='ocrx_word' id='word_1_53' title='bbox 536 761 689 809; x_wconf 87' lang='lat' dir='ltr'><strong>venitis,</strong></span> <span class='ocrx_word' id='word_1_54' title='bbox 711 761 990 814; x_wconf 86' lang='lat' dir='ltr'><strong>improbissimi</strong></span> <span class='ocrx_word' id='word_1_55' title='bbox 1012 763 1138 803; x_wconf 82' lang='lat' dir='ltr'><strong>fures:</strong></span> 
     </span>
     <span class='ocr_line' id='line_1_12' title="bbox 386 817 1275 872; baseline 0.006 -16"><span class='ocrx_word' id='word_1_56' title='bbox 386 817 571 857; x_wconf 88' lang='lat' dir='ltr'><strong>nimirum</strong></span> <span class='ocrx_word' id='word_1_57' title='bbox 593 823 766 870; x_wconf 86' lang='lat' dir='ltr'><strong>apertam</strong></span> <span class='ocrx_word' id='word_1_58' title='bbox 787 819 1003 859; x_wconf 89' lang='lat' dir='ltr'><strong>convolatis</strong></span> <span class='ocrx_word' id='word_1_59' title='bbox 1025 820 1071 860; x_wconf 90' lang='lat' dir='ltr'><strong>ad</strong></span> <span class='ocrx_word' id='word_1_60' title='bbox 1092 832 1275 872; x_wconf 87' lang='lat' dir='ltr'><strong>poenam,</strong></span> 
     </span>
     <span class='ocr_line' id='line_1_13' title="bbox 386 874 1300 927; baseline 0.004 -14"><span class='ocrx_word' id='word_1_61' title='bbox 386 874 461 913; x_wconf 91' lang='lat' dir='ltr'><strong>hoc</strong></span> <span class='ocrx_word' id='word_1_62' title='bbox 481 886 550 914; x_wconf 88' lang='lat' dir='ltr'><strong>vos</strong></span> <span class='ocrx_word' id='word_1_63' title='bbox 571 880 610 914; x_wconf 88' lang='lat' dir='ltr'><strong>et</strong></span> <span class='ocrx_word' id='word_1_64' title='bbox 630 875 772 927; x_wconf 91' lang='lat' dir='ltr'><strong>ipsum,</strong></span> <span class='ocrx_word' id='word_1_65' title='bbox 794 876 900 927; x_wconf 91' lang='lat' dir='ltr'><strong>quod</strong></span> <span class='ocrx_word' id='word_1_66' title='bbox 920 876 1129 926; x_wconf 88' lang='lat' dir='ltr'><strong>minamur,</strong></span> <span class='ocrx_word' id='word_1_67' title='bbox 1151 877 1300 918; x_wconf 85' lang='lat' dir='ltr'><strong>invitat.</strong></span> 
     </span>
    </p>
   </div>
   <div class='ocr_carea' id='block_1_3' title="bbox 916 978 985 1017">
    <p class='ocr_par' dir='ltr' id='par_1_6' title="bbox 916 978 985 1017">
     <span class='ocr_line' id='line_1_14' title="bbox 916 978 985 1017; baseline 0 0"><span class='ocrx_word' id='word_1_68' title='bbox 916 978 985 1017; x_wconf 93' lang='lat' dir='ltr'><strong>LII</strong></span> 
     </span>
    </p>
   </div>
   <div class='ocr_carea' id='block_1_4' title="bbox 289 1054 1271 1721">
    <p class='ocr_par' dir='ltr' id='par_1_7' title="bbox 384 1054 1271 1267">
     <span class='ocr_line' id='line_1_15' title="bbox 385 1054 1271 1110; baseline 0.005 -16"><span class='ocrx_word' id='word_1_69' title='bbox 385 1054 493 1095; x_wconf 84' lang='lat' dir='ltr'><strong>Heus</strong></span> <span class='ocrx_word' id='word_1_70' title='bbox 512 1060 570 1103; x_wconf 91' lang='lat' dir='ltr'><strong>tu,</strong></span> <span class='ocrx_word' id='word_1_71' title='bbox 593 1067 673 1095; x_wconf 89' lang='lat' dir='ltr'><strong>non</strong></span> <span class='ocrx_word' id='word_1_72' title='bbox 695 1055 798 1096; x_wconf 92' lang='lat' dir='ltr'><strong>bene</strong></span> <span class='ocrx_word' id='word_1_73' title='bbox 820 1056 886 1108; x_wconf 88' lang='lat' dir='ltr'><strong>qui</strong></span> <span class='ocrx_word' id='word_1_74' title='bbox 908 1068 1068 1096; x_wconf 89' lang='lat' dir='ltr'><strong>manum</strong></span> <span class='ocrx_word' id='word_1_75' title='bbox 1088 1069 1271 1110; x_wconf 82' lang='lat' dir='ltr'><strong>rapacem</strong></span> 
     </span>
     <span class='ocr_line' id='line_1_16' title="bbox 384 1112 1102 1162; baseline 0.003 -11"><span class='ocrx_word' id='word_1_76' title='bbox 384 1112 568 1151; x_wconf 84' lang='lat' dir='ltr'><strong>mandato</strong></span> <span class='ocrx_word' id='word_1_77' title='bbox 589 1112 683 1152; x_wconf 87' lang='lat' dir='ltr'><strong>mihi</strong></span> <span class='ocrx_word' id='word_1_78' title='bbox 704 1113 884 1153; x_wconf 89' lang='lat' dir='ltr'><strong>contines</strong></span> <span class='ocrx_word' id='word_1_79' title='bbox 905 1113 953 1152; x_wconf 92' lang='lat' dir='ltr'><strong>ab</strong></span> <span class='ocrx_word' id='word_1_80' title='bbox 974 1114 1102 1162; x_wconf 88' lang='lat' dir='ltr'><strong>horto,</strong></span> 
     </span>
     <span class='ocr_line' id='line_1_17' title="bbox 385 1168 1121 1221; baseline 0.005 -14"><span class='ocrx_word' id='word_1_81' title='bbox 385 1168 459 1208; x_wconf 90' lang='lat' dir='ltr'><strong>iam</strong></span> <span class='ocrx_word' id='word_1_82' title='bbox 481 1169 652 1221; x_wconf 90' lang='lat' dir='ltr'><strong>primum</strong></span> <span class='ocrx_word' id='word_1_83' title='bbox 671 1175 795 1209; x_wconf 86' lang='lat' dir='ltr'><strong>stator</strong></span> <span class='ocrx_word' id='word_1_84' title='bbox 809 1169 872 1209; x_wconf 91' lang='lat' dir='ltr'><strong>hic</strong></span> <span class='ocrx_word' id='word_1_85' title='bbox 888 1170 1121 1211; x_wconf 89' lang='lat' dir='ltr'><strong>libidinosus</strong></span> 
     </span>
     <span class='ocr_line' id='line_1_18' title="bbox 386 1225 1015 1267; baseline 0.005 -3"><span class='ocrx_word' id='word_1_86' title='bbox 386 1225 547 1265; x_wconf 82' lang='lat' dir='ltr'><strong>alternis</strong></span> <span class='ocrx_word' id='word_1_87' title='bbox 567 1231 607 1265; x_wconf 88' lang='lat' dir='ltr'><strong>et</strong></span> <span class='ocrx_word' id='word_1_88' title='bbox 626 1226 756 1266; x_wconf 89' lang='lat' dir='ltr'><strong>eundo</strong></span> <span class='ocrx_word' id='word_1_89' title='bbox 778 1232 816 1266; x_wconf 93' lang='lat' dir='ltr'><strong>et</strong></span> <span class='ocrx_word' id='word_1_90' title='bbox 836 1227 1015 1267; x_wconf 84' lang='lat' dir='ltr'><strong>exeundo</strong></span> 
     </span>
    </p>

    <p class='ocr_par' dir='ltr' id='par_1_8' title="bbox 308 1283 1159 1560">
     <span class='ocr_line' id='line_1_19' title="bbox 308 1283 987 1335; baseline 0.003 -14"><span class='ocrx_word' id='word_1_91' title='bbox 308 1289 328 1322; x_wconf 87' lang='lat'>5</span> <span class='ocrx_word' id='word_1_92' title='bbox 385 1288 499 1334; x_wconf 90' lang='lat' dir='ltr'><strong>porta</strong></span> <span class='ocrx_word' id='word_1_93' title='bbox 518 1288 558 1322; x_wconf 93' lang='lat' dir='ltr'><strong>te</strong></span> <span class='ocrx_word' id='word_1_94' title='bbox 578 1283 695 1322; x_wconf 85' lang='lat' dir='ltr'><strong>faciet</strong></span> <span class='ocrx_word' id='word_1_95' title='bbox 713 1284 987 1335; x_wconf 88' lang='lat' dir='ltr'><strong>patentiorem.</strong></span> 
     </span>
     <span class='ocr_line' id='line_1_20' title="bbox 384 1339 1090 1391; baseline 0.003 -13"><span class='ocrx_word' id='word_1_96' title='bbox 384 1339 574 1378; x_wconf 89' lang='lat' dir='ltr'><strong>accedent</strong></span> <span class='ocrx_word' id='word_1_97' title='bbox 593 1339 684 1387; x_wconf 83' lang='lat' dir='ltr'><strong>duc,</strong></span> <span class='ocrx_word' id='word_1_98' title='bbox 706 1340 772 1391; x_wconf 92' lang='lat' dir='ltr'><strong>qui</strong></span> <span class='ocrx_word' id='word_1_99' title='bbox 792 1340 894 1380; x_wconf 87' lang='lat' dir='ltr'><strong>latus</strong></span> <span class='ocrx_word' id='word_1_100' title='bbox 914 1346 1090 1389; x_wconf 87' lang='lat' dir='ltr'><strong>tuentur,</strong></span> 
     </span>
     <span class='ocr_line' id='line_1_21' title="bbox 382 1395 978 1448; baseline 0 -12"><span class='ocrx_word' id='word_1_101' title='bbox 382 1395 519 1448; x_wconf 89' lang='lat' dir='ltr'><strong>pulcre</strong></span> <span class='ocrx_word' id='word_1_102' title='bbox 540 1395 757 1448; x_wconf 85' lang='lat' dir='ltr'><strong>pensilibus</strong></span> <span class='ocrx_word' id='word_1_103' title='bbox 777 1397 978 1448; x_wconf 90' lang='lat' dir='ltr'><strong>peculiati;</strong></span> 
     </span>
     <span class='ocr_line' id='line_1_22' title="bbox 383 1453 1159 1504; baseline 0.003 -12"><span class='ocrx_word' id='word_1_104' title='bbox 383 1453 452 1504; x_wconf 90' lang='lat' dir='ltr'><strong>qui</strong></span> <span class='ocrx_word' id='word_1_105' title='bbox 472 1465 562 1492; x_wconf 92' lang='lat' dir='ltr'><strong>cum</strong></span> <span class='ocrx_word' id='word_1_106' title='bbox 583 1458 620 1492; x_wconf 89' lang='lat' dir='ltr'><strong>te</strong></span> <span class='ocrx_word' id='word_1_107' title='bbox 642 1453 741 1492; x_wconf 88' lang='lat' dir='ltr'><strong>male</strong></span> <span class='ocrx_word' id='word_1_108' title='bbox 761 1453 935 1493; x_wconf 83' lang='lat' dir='ltr'><strong>foderint</strong></span> <span class='ocrx_word' id='word_1_109' title='bbox 955 1454 1159 1501; x_wconf 83' lang='lat' dir='ltr'><strong>iacentem,</strong></span> 
     </span>
     <span class='ocr_line' id='line_1_23' title="bbox 385 1509 1041 1560; baseline 0.002 -11"><span class='ocrx_word' id='word_1_110' title='bbox 385 1509 432 1549; x_wconf 90' lang='lat' dir='ltr'><strong>ad</strong></span> <span class='ocrx_word' id='word_1_111' title='bbox 453 1515 604 1560; x_wconf 90' lang='lat' dir='ltr'><strong>partem</strong></span> <span class='ocrx_word' id='word_1_112' title='bbox 625 1509 756 1549; x_wconf 91' lang='lat' dir='ltr'><strong>veniet</strong></span> <span class='ocrx_word' id='word_1_113' title='bbox 776 1510 879 1550; x_wconf 85' lang='lat' dir='ltr'><strong>salax</strong></span> <span class='ocrx_word' id='word_1_114' title='bbox 900 1511 1041 1550; x_wconf 89' lang='lat' dir='ltr'><strong>asellus</strong></span> 
     </span>
    </p>

    <p class='ocr_par' dir='ltr' id='par_1_9' title="bbox 289 1566 1169 1721">
     <span class='ocr_line' id='line_1_24' title="bbox 289 1566 936 1607; baseline 0.002 -2"><span class='ocrx_word' id='word_1_115' title='bbox 289 1573 327 1606; x_wconf 89' lang='lat'><strong>10</strong></span> <span class='ocrx_word' id='word_1_116' title='bbox 384 1566 464 1606; x_wconf 90' lang='lat' dir='ltr'><strong>nilo</strong></span> <span class='ocrx_word' id='word_1_117' title='bbox 486 1566 659 1606; x_wconf 90' lang='lat' dir='ltr'><strong>deterius</strong></span> <span class='ocrx_word' id='word_1_118' title='bbox 679 1566 936 1607; x_wconf 87' lang='lat' dir='ltr'><strong>mutuniatus.</strong></span> 
     </span>
     <span class='ocr_line' id='line_1_25' title="bbox 384 1623 1102 1676; baseline 0.001 -14"><span class='ocrx_word' id='word_1_119' title='bbox 384 1635 506 1674; x_wconf 88' lang='lat' dir='ltr'><strong>quare</strong></span> <span class='ocrx_word' id='word_1_120' title='bbox 527 1623 593 1674; x_wconf 91' lang='lat' dir='ltr'><strong>qui</strong></span> <span class='ocrx_word' id='word_1_121' title='bbox 614 1623 752 1676; x_wconf 86' lang='lat' dir='ltr'><strong>sapiet,</strong></span> <span class='ocrx_word' id='word_1_122' title='bbox 774 1623 919 1663; x_wconf 90' lang='lat' dir='ltr'><strong>malum</strong></span> <span class='ocrx_word' id='word_1_123' title='bbox 941 1623 1102 1672; x_wconf 83' lang='lat' dir='ltr'><strong>cavebit,</strong></span> 
     </span>
     <span class='ocr_line' id='line_1_26' title="bbox 385 1680 1169 1721; baseline 0 -1"><span class='ocrx_word' id='word_1_124' title='bbox 385 1691 474 1720; x_wconf 92' lang='lat' dir='ltr'><strong>cum</strong></span> <span class='ocrx_word' id='word_1_125' title='bbox 497 1685 649 1719; x_wconf 87' lang='lat' dir='ltr'><strong>tantum</strong></span> <span class='ocrx_word' id='word_1_126' title='bbox 669 1680 766 1721; x_wconf 88' lang='lat' dir='ltr'><strong>sciet</strong></span> <span class='ocrx_word' id='word_1_127' title='bbox 786 1692 870 1721; x_wconf 86' lang='lat' dir='ltr'><strong>esse</strong></span> <span class='ocrx_word' id='word_1_128' title='bbox 892 1681 1169 1721; x_wconf 89' lang='lat' dir='ltr'><strong>mentularum.</strong></span> 
     </span>
    </p>
   </div>
   <div class='ocr_carea' id='block_1_5' title="bbox 907 1782 993 1822">
    <p class='ocr_par' dir='ltr' id='par_1_10' title="bbox 907 1782 993 1822">
     <span class='ocr_line' id='line_1_27' title="bbox 907 1782 993 1822; baseline 0.012 -1"><span class='ocrx_word' id='word_1_129' title='bbox 907 1782 993 1822; x_wconf 82' lang='lat' dir='ltr'><strong>LIII</strong></span> 
     </span>
    </p>
   </div>
   <div class='ocr_carea' id='block_1_6' title="bbox 306 1860 1490 2198">
    <p class='ocr_par' dir='ltr' id='par_1_11' title="bbox 306 1860 1490 2198">
     <span class='ocr_line' id='line_1_28' title="bbox 386 1860 1391 1911; baseline 0.002 -11"><span class='ocrx_word' id='word_1_130' title='bbox 386 1860 604 1901; x_wconf 82' lang='lat' dir='ltr'><strong>Contentus</strong></span> <span class='ocrx_word' id='word_1_131' title='bbox 624 1861 780 1901; x_wconf 91' lang='lat' dir='ltr'><strong>modico</strong></span> <span class='ocrx_word' id='word_1_132' title='bbox 801 1861 978 1902; x_wconf 89' lang='lat' dir='ltr'><strong>Bacchus</strong></span> <span class='ocrx_word' id='word_1_133' title='bbox 998 1862 1097 1902; x_wconf 89' lang='lat' dir='ltr'><strong>solet</strong></span> <span class='ocrx_word' id='word_1_134' title='bbox 1117 1874 1202 1902; x_wconf 87' lang='lat' dir='ltr'><strong>esse</strong></span> <span class='ocrx_word' id='word_1_135' title='bbox 1222 1873 1391 1911; x_wconf 77' lang='lat' dir='ltr'><strong>racemo,</strong></span> 
     </span>
     <span class='ocr_line' id='line_1_29' title="bbox 436 1918 1252 1970; baseline 0.001 -13"><span class='ocrx_word' id='word_1_136' title='bbox 436 1929 524 1957; x_wconf 89' lang='lat' dir='ltr'><strong>cum</strong></span> <span class='ocrx_word' id='word_1_137' title='bbox 547 1918 705 1970; x_wconf 88' lang='lat' dir='ltr'><strong>capiant</strong></span> <span class='ocrx_word' id='word_1_138' title='bbox 724 1918 791 1958; x_wconf 91' lang='lat' dir='ltr'><strong>alti</strong></span> <span class='ocrx_word' id='word_1_139' title='bbox 810 1918 871 1958; x_wconf 89' lang='lat' dir='ltr'><strong>vix</strong></span> <span class='ocrx_word' id='word_1_140' title='bbox 893 1918 967 1958; x_wconf 90' lang='lat' dir='ltr'><strong>cita</strong></span> <span class='ocrx_word' id='word_1_141' title='bbox 988 1924 1115 1959; x_wconf 86' lang='lat' dir='ltr'><strong>musta</strong></span> <span class='ocrx_word' id='word_1_142' title='bbox 1132 1919 1252 1967; x_wconf 91' lang='lat' dir='ltr'><strong>lacus,</strong></span> 
     </span>
     <span class='ocr_line' id='line_1_30' title="bbox 383 1975 1370 2029; baseline 0.002 -16"><span class='ocrx_word' id='word_1_143' title='bbox 383 1986 602 2026; x_wconf 86' lang='lat' dir='ltr'><strong>magnaque</strong></span> <span class='ocrx_word' id='word_1_144' title='bbox 624 1975 803 2015; x_wconf 89' lang='lat' dir='ltr'><strong>fecundis</strong></span> <span class='ocrx_word' id='word_1_145' title='bbox 823 1988 912 2015; x_wconf 90' lang='lat' dir='ltr'><strong>cum</strong></span> <span class='ocrx_word' id='word_1_146' title='bbox 934 1975 1129 2016; x_wconf 89' lang='lat' dir='ltr'><strong>messibus</strong></span> <span class='ocrx_word' id='word_1_147' title='bbox 1149 1987 1237 2015; x_wconf 87' lang='lat' dir='ltr'><strong>area</strong></span> <span class='ocrx_word' id='word_1_148' title='bbox 1258 1975 1370 2029; x_wconf 84' lang='lat' dir='ltr'><strong>(lesit,</strong></span> 
     </span>
     <span class='ocr_line' id='line_1_31' title="bbox 435 2031 1216 2072; baseline 0.003 -2"><span class='ocrx_word' id='word_1_149' title='bbox 435 2031 475 2071; x_wconf 93' lang='lat' dir='ltr'><strong>in</strong></span> <span class='ocrx_word' id='word_1_150' title='bbox 499 2031 653 2072; x_wconf 87' lang='lat' dir='ltr'><strong>Cereris</strong></span> <span class='ocrx_word' id='word_1_151' title='bbox 673 2032 803 2072; x_wconf 88' lang='lat' dir='ltr'><strong>crines</strong></span> <span class='ocrx_word' id='word_1_152' title='bbox 822 2045 901 2072; x_wconf 90' lang='lat' dir='ltr'><strong>una</strong></span> <span class='ocrx_word' id='word_1_153' title='bbox 923 2045 1069 2072; x_wconf 90' lang='lat' dir='ltr'><strong>corona</strong></span> <span class='ocrx_word' id='word_1_154' title='bbox 1090 2033 1216 2072; x_wconf 90' lang='lat' dir='ltr'><strong>datur.</strong></span> 
     </span>
     <span class='ocr_line' id='line_1_32' title="bbox 306 2089 1490 2142; baseline 0.003 -16"><span class='ocrx_word' id='word_1_155' title='bbox 306 2094 325 2126; x_wconf 89' lang='lat'>5</span> <span class='ocrx_word' id='word_1_156' title='bbox 382 2093 424 2127; x_wconf 88' lang='lat' dir='ltr'><strong>tu</strong></span> <span class='ocrx_word' id='word_1_157' title='bbox 447 2100 617 2140; x_wconf 86' lang='lat' dir='ltr'><strong>quoque,</strong></span> <span class='ocrx_word' id='word_1_158' title='bbox 640 2089 724 2128; x_wconf 90' lang='lat' dir='ltr'><strong>dive</strong></span> <span class='ocrx_word' id='word_1_159' title='bbox 746 2089 888 2138; x_wconf 89' lang='lat' dir='ltr'><strong>minor,</strong></span> <span class='ocrx_word' id='word_1_160' title='bbox 909 2089 1099 2129; x_wconf 90' lang='lat' dir='ltr'><strong>maiorum</strong></span> <span class='ocrx_word' id='word_1_161' title='bbox 1123 2089 1298 2142; x_wconf 90' lang='lat' dir='ltr'><strong>exempla</strong></span> <span class='ocrx_word' id='word_1_162' title='bbox 1319 2094 1490 2139; x_wconf 88' lang='lat' dir='ltr'><strong>secutus,</strong></span> 
     </span>
     <span class='ocr_line' id='line_1_33' title="bbox 435 2145 1374 2198; baseline 0.002 -14"><span class='ocrx_word' id='word_1_163' title='bbox 435 2145 610 2197; x_wconf 89' lang='lat' dir='ltr'><strong>quamvis</strong></span> <span class='ocrx_word' id='word_1_164' title='bbox 630 2158 752 2198; x_wconf 91' lang='lat' dir='ltr'><strong>pauca</strong></span> <span class='ocrx_word' id='word_1_165' title='bbox 773 2146 922 2195; x_wconf 86' lang='lat' dir='ltr'><strong>damus,</strong></span> <span class='ocrx_word' id='word_1_166' title='bbox 945 2146 1108 2186; x_wconf 89' lang='lat' dir='ltr'><strong>consule</strong></span> <span class='ocrx_word' id='word_1_167' title='bbox 1129 2158 1245 2198; x_wconf 86' lang='lat' dir='ltr'><strong>poma</strong></span> <span class='ocrx_word' id='word_1_168' title='bbox 1266 2146 1374 2186; x_wconf 90' lang='lat' dir='ltr'><strong>boni.</strong></span> 
     </span>
    </p>
   </div>
   <div class='ocr_carea' id='block_1_7' title="bbox 893 2246 997 2286">
    <p class='ocr_par' dir='ltr' id='par_1_12' title="bbox 893 2246 997 2286">
     <span class='ocr_line' id='line_1_34' title="bbox 893 2246 997 2286; baseline 0 0"><span class='ocrx_word' id='word_1_169' title='bbox 893 2246 997 2286; x_wconf 89' lang='lat' dir='ltr'><strong>LIIII</strong></span> 
     </span>
    </p>
   </div>
   <div class='ocr_carea' id='block_1_8' title="bbox 385 2324 1335 2436">
    <p class='ocr_par' dir='ltr' id='par_1_13' title="bbox 385 2324 1335 2436">
     <span class='ocr_line' id='line_1_35' title="bbox 385 2324 1297 2379; baseline 0.001 -14"><span class='ocrx_word' id='word_1_170' title='bbox 385 2324 445 2365; x_wconf 83' lang='lat' dir='ltr'><strong>CD</strong></span> <span class='ocrx_word' id='word_1_171' title='bbox 467 2325 498 2366; x_wconf 93' lang='lat' dir='ltr'><strong>si</strong></span> <span class='ocrx_word' id='word_1_172' title='bbox 519 2324 668 2366; x_wconf 87' lang='lat' dir='ltr'><strong>scribas</strong></span> <span class='ocrx_word' id='word_1_173' title='bbox 688 2330 964 2378; x_wconf 83' lang='lat' dir='ltr'><strong>temonemque</strong></span> <span class='ocrx_word' id='word_1_174' title='bbox 986 2326 1149 2379; x_wconf 87' lang='lat' dir='ltr'><strong>insuper</strong></span> <span class='ocrx_word' id='word_1_175' title='bbox 1169 2326 1297 2376; x_wconf 85' lang='lat' dir='ltr'><strong>addas,</strong></span> 
     </span>
     <span class='ocr_line' id='line_1_36' title="bbox 434 2382 1335 2436; baseline 0.002 -15"><span class='ocrx_word' id='word_1_176' title='bbox 434 2382 500 2433; x_wconf 91' lang='lat' dir='ltr'><strong>qui</strong></span> <span class='ocrx_word' id='word_1_177' title='bbox 521 2382 694 2423; x_wconf 86' lang='lat' dir='ltr'><strong>medium</strong></span> <span class='ocrx_word' id='word_1_178' title='bbox 723 2382 805 2422; x_wconf 86' lang='lat' dir='ltr'><strong>vult</strong></span> <span class='ocrx_word' id='word_1_179' title='bbox 825 2388 863 2422; x_wconf 86' lang='lat' dir='ltr'><strong>te</strong></span> <span class='ocrx_word' id='word_1_180' title='bbox 884 2383 1077 2432; x_wconf 88' lang='lat' dir='ltr'><strong>scindere,</strong></span> <span class='ocrx_word' id='word_1_181' title='bbox 1098 2382 1228 2436; x_wconf 90' lang='lat' dir='ltr'><strong>pictus</strong></span> <span class='ocrx_word' id='word_1_182' title='bbox 1249 2383 1335 2423; x_wconf 89' lang='lat' dir='ltr'><strong>erit.</strong></span> 
     </span>
    </p>
   </div>
   <div class='ocr_carea' id='block_1_9' title="bbox 1617 0 1728 2886">
    <p class='ocr_par' dir='ltr' id='par_1_14' title="bbox 1617 0 1728 2886">
     <span class='ocr_line' id='line_1_37' title="bbox 1617 0 1728 2886; baseline 0.892 -409"><span class='ocrx_word' id='word_1_183' title='bbox 1617 0 1728 2886; x_wconf 95' lang='lat' dir='ltr'><strong>   </strong></span> 
     </span>
    </p>
   </div>
   <div class='ocr_carea' id='block_1_10' title="bbox 295 2472 510 2478">
    <p class='ocr_par' dir='ltr' id='par_1_15' title="bbox 295 2472 510 2478">
     <span class='ocr_line' id='line_1_38' title="bbox 295 2472 510 2478; baseline 0 0"><span class='ocrx_word' id='word_1_184' title='bbox 295 2472 510 2478; x_wconf 95' lang='lat' dir='ltr'><strong> </strong></span> 
     </span>
    </p>
   </div>
   <div class='ocr_carea' id='block_1_11' title="bbox 232 2502 1719 2686">
    <p class='ocr_par' dir='ltr' id='par_1_16' title="bbox 232 2502 1719 2686">
     <span class='ocr_line' id='line_1_39' title="bbox 344 2502 1717 2550; baseline 0.004 -13"><span class='ocrx_word' id='word_1_185' title='bbox 344 2503 379 2536; x_wconf 88' lang='lat' dir='ltr'><strong>LI</strong></span> <span class='ocrx_word' id='word_1_186' title='bbox 405 2505 447 2538; x_wconf 87' lang='lat'><strong>28</strong></span> <span class='ocrx_word' id='word_1_187' title='bbox 473 2507 507 2538; x_wconf 87' lang='lat' dir='ltr'><strong>et</strong></span> <span class='ocrx_word' id='word_1_188' title='bbox 530 2515 594 2538; x_wconf 87' lang='lat' dir='ltr'><strong>vos</strong></span> <span class='ocrx_word' id='word_1_189' title='bbox 617 2504 683 2539; x_wconf 90' lang='lat' dir='ltr'><strong>hoc</strong></span> <span class='ocrx_word' id='word_1_190' title='bbox 706 2505 816 2549; x_wconf 87' lang='lat' dir='ltr'><strong>ipsum</strong></span> <span class='ocrx_word' id='word_1_191' title='bbox 840 2504 852 2549; x_wconf 78' lang='lat'><strong>{1</strong></span> <span class='ocrx_word' id='word_1_192' title='bbox 879 2504 932 2538; x_wconf 88' lang='lat' dir='ltr'><strong>LII</strong></span> <span class='ocrx_word' id='word_1_193' title='bbox 955 2507 977 2539; x_wconf 85' lang='lat'>4</span> <span class='ocrx_word' id='word_1_194' title='bbox 1001 2505 1147 2539; x_wconf 86' lang='lat' dir='ltr'><strong>ineundo</strong></span> <span class='ocrx_word' id='word_1_195' title='bbox 1172 2505 1276 2548; x_wconf 83' lang='lat' dir='ltr'><strong>volgo</strong></span> <span class='ocrx_word' id='word_1_196' title='bbox 1298 2505 1303 2550; x_wconf 92' lang='grc' dir='ltr'>Ι</span> <span class='ocrx_word' id='word_1_197' title='bbox 1324 2509 1345 2541; x_wconf 85' lang='grc'>9</span> <span class='ocrx_word' id='word_1_198' title='bbox 1369 2507 1501 2550; x_wconf 83' lang='lat' dir='ltr'><strong>partum</strong></span> <span class='ocrx_word' id='word_1_199' title='bbox 1522 2502 1679 2550; x_wconf 56' lang='lat' dir='ltr'><strong>plures-J</strong></span> <span class='ocrx_word' id='word_1_200' title='bbox 1707 2510 1717 2544; x_wconf 56' lang='grc' dir='ltr'><em>ἦ</em></span> 
     </span>
     <span class='ocr_line' id='line_1_40' title="bbox 232 2549 1717 2596; baseline 0.003 -15"><span class='ocrx_word' id='word_1_201' title='bbox 232 2551 345 2592; x_wconf 84' lang='lat' dir='ltr'><strong>partes</strong></span> <span class='ocrx_word' id='word_1_202' title='bbox 371 2549 567 2583; x_wconf 75' lang='lat' dir='ltr'><strong>Salmasius</strong></span> <span class='ocrx_word' id='word_1_203' title='bbox 598 2550 603 2594; x_wconf 80' lang='grc' dir='ltr'>Ι</span> <span class='ocrx_word' id='word_1_204' title='bbox 637 2552 679 2584; x_wconf 89' lang='grc'><strong>10</strong></span> <span class='ocrx_word' id='word_1_205' title='bbox 704 2550 788 2584; x_wconf 86' lang='lat' dir='ltr'><strong>nihil</strong></span> <span class='ocrx_word' id='word_1_206' title='bbox 812 2553 876 2583; x_wconf 83' lang='lat' dir='ltr'><strong>aut</strong></span> <span class='ocrx_word' id='word_1_207' title='bbox 899 2554 934 2584; x_wconf 84' lang='lat' dir='ltr'><strong>et</strong></span> <span class='ocrx_word' id='word_1_208' title='bbox 957 2549 1005 2584; x_wconf 89' lang='lat' dir='ltr'><strong>nil</strong></span> <span class='ocrx_word' id='word_1_209' title='bbox 1029 2554 1094 2584; x_wconf 80' lang='lat' dir='ltr'><strong>aut</strong></span> <span class='ocrx_word' id='word_1_210' title='bbox 1117 2551 1164 2584; x_wconf 83' lang='lat' dir='ltr'><strong>nil</strong></span> <span class='ocrx_word' id='word_1_211' title='bbox 1188 2551 1255 2585; x_wconf 85' lang='lat' dir='ltr'><strong>iam</strong></span> <span class='ocrx_word' id='word_1_212' title='bbox 1283 2550 1296 2596; x_wconf 82' lang='lat' dir='ltr'>ss</span> <span class='ocrx_word' id='word_1_213' title='bbox 1328 2554 1367 2588; x_wconf 88' lang='lat'><strong>11</strong></span> <span class='ocrx_word' id='word_1_214' title='bbox 1401 2551 1473 2596; x_wconf 89' lang='lat' dir='ltr'><strong>qui]</strong></span> <span class='ocrx_word' id='word_1_215' title='bbox 1506 2551 1536 2585; x_wconf 84' lang='lat' dir='ltr'><strong>si</strong></span> <span class='ocrx_word' id='word_1_216' title='bbox 1561 2551 1656 2585; x_wconf 81' lang='lat' dir='ltr'><strong>libri.</strong></span> <span class='ocrx_word' id='word_1_217' title='bbox 1680 2553 1685 2586; x_wconf 65' lang='grc' dir='ltr'>ἓ</span> <span class='ocrx_word' id='word_1_218' title='bbox 1705 2551 1717 2595; x_wconf 65' lang='lat'><strong>³5²</strong></span> 
     </span>
     <span class='ocr_line' id='line_1_41' title="bbox 232 2593 1714 2643; baseline 0.003 -17"><span class='ocrx_word' id='word_1_219' title='bbox 232 2593 344 2627; x_wconf 89' lang='lat' dir='ltr'><strong>malus</strong></span> <span class='ocrx_word' id='word_1_220' title='bbox 367 2595 606 2628; x_wconf 74' lang='lat' dir='ltr'><strong>Baehrensius</strong></span> <span class='ocrx_word' id='word_1_221' title='bbox 635 2595 640 2639; x_wconf 88' lang='grc' dir='ltr'>Ι</span> <span class='ocrx_word' id='word_1_222' title='bbox 675 2597 716 2630; x_wconf 95' lang='grc'>12</span> <span class='ocrx_word' id='word_1_223' title='bbox 746 2596 832 2630; x_wconf 85' lang='lat' dir='ltr'><strong>sciat</strong></span> <span class='ocrx_word' id='word_1_224' title='bbox 857 2595 1017 2630; x_wconf 73' lang='lat' dir='ltr'><strong>Catullus</strong></span> <span class='ocrx_word' id='word_1_225' title='bbox 1039 2598 1072 2638; x_wconf 89' lang='lat'><strong>5,</strong></span> <span class='ocrx_word' id='word_1_226' title='bbox 1097 2597 1143 2630; x_wconf 81' lang='lat'><strong>14</strong></span> <span class='ocrx_word' id='word_1_227' title='bbox 1172 2596 1185 2640; x_wconf 85' lang='grc' dir='ltr'><strong>ΙΙ</strong></span> <span class='ocrx_word' id='word_1_228' title='bbox 1212 2595 1277 2631; x_wconf 89' lang='lat' dir='ltr'><strong>LIII</strong></span> <span class='ocrx_word' id='word_1_229' title='bbox 1313 2599 1334 2632; x_wconf 86' lang='lat'>2</span> <span class='ocrx_word' id='word_1_230' title='bbox 1357 2596 1457 2632; x_wconf 78' lang='lat' dir='ltr'><strong>altos.</strong></span> <span class='ocrx_word' id='word_1_231' title='bbox 1502 2595 1657 2637; x_wconf 70' lang='lat' dir='ltr'><strong>fortasse</strong></span> <span class='ocrx_word' id='word_1_232' title='bbox 1676 2603 1681 2634; x_wconf 59' lang='lat' dir='ltr'>g</span> <span class='ocrx_word' id='word_1_233' title='bbox 1711 2632 1714 2643; x_wconf 36' lang='grc' dir='ltr'><em>ι</em></span> 
     </span>
     <span class='ocr_line' id='line_1_42' title="bbox 233 2639 1719 2686; baseline 0.002 -15"><span class='ocrx_word' id='word_1_234' title='bbox 233 2639 345 2681; x_wconf 87' lang='lat' dir='ltr'><strong>capiat</strong></span> <span class='ocrx_word' id='word_1_235' title='bbox 369 2640 495 2674; x_wconf 90' lang='lat' dir='ltr'><strong>multus</strong></span> <span class='ocrx_word' id='word_1_236' title='bbox 512 2641 525 2684; x_wconf 83' lang='grc' dir='ltr'><strong>ΙΙ</strong></span> <span class='ocrx_word' id='word_1_237' title='bbox 542 2640 619 2674; x_wconf 87' lang='lat' dir='ltr'><strong>LIIII</strong></span> <span class='ocrx_word' id='word_1_238' title='bbox 646 2643 662 2676; x_wconf 91' lang='lat'>1</span> <span class='ocrx_word' id='word_1_239' title='bbox 687 2640 737 2674; x_wconf 90' lang='lat' dir='ltr'><strong>Ed</strong></span> <span class='ocrx_word' id='word_1_240' title='bbox 761 2641 789 2675; x_wconf 87' lang='lat' dir='ltr'><strong>si</strong></span> <span class='ocrx_word' id='word_1_241' title='bbox 810 2642 816 2685; x_wconf 83' lang='grc' dir='ltr'>Ι</span> <span class='ocrx_word' id='word_1_242' title='bbox 837 2642 857 2675; x_wconf 88' lang='grc'>2</span> <span class='ocrx_word' id='word_1_243' title='bbox 882 2645 916 2675; x_wconf 88' lang='lat' dir='ltr'><strong>te</strong></span> <span class='ocrx_word' id='word_1_244' title='bbox 941 2639 1016 2675; x_wconf 81' lang='lat' dir='ltr'><strong>vult</strong></span> <span class='ocrx_word' id='word_1_245' title='bbox 1038 2641 1144 2686; x_wconf 82' lang='lat' dir='ltr'><strong>volgo</strong></span> <span class='ocrx_word' id='word_1_246' title='bbox 1707 2666 1719 2671; x_wconf 87' lang='grc'>.</span> 
     </span>
    </p>
   </div>
  </div>
 </body>
</html>
