1728 2886
108 142 191 181 244
321 142 574 179 SATIRARVM
599 143 795 178 ALIARVM
818 144 1143 200 MILEslARVJuVE
1166 144 1322 182 lNDlClA

787 259 816 296 v
827 257 851 283 a:

221 337 426 378 Suetonius
446 340 489 377 in
509 340 588 378 vita
609 338 765 379 Claudii
777 337 835 379 38
849 339 918 379 ubi
938 342 1146 391 imperator
1173 347 1362 381 narratur
1381 348 1535 383 testatus

107 408 182 435 esse
211 394 464 436 oratiunculis
484 395 708 448 quibusdam
735 396 954 436 simulatam
973 409 998 436 a
1017 409 1055 436 se
1082 403 1263 448 reynante
1286 397 1380 438 Gaio
1409 398 1536 439 stulti-

106 456 225 492 tiam:
258 465 331 491 nec
352 458 480 491 tamen
504 452 710 504 persuasit,
741 465 830 492 cum
854 453 954 493 intra
977 453 1092 493 breve
1119 460 1273 506 tempus
1294 454 1391 494 liber
1412 455 1537 496 editus

108 510 158 549 sit
188 509 250 549 cui
282 509 398 549 index
437 515 520 548 erat
548 510 710 563 μωρῶν
741 507 1064 560 ἐπανάστασις,
1105 517 1380 562 argumentum
1410 518 1536 552 autem

107 566 308 606 stultitiam
334 566 531 605 neminem
554 567 715 617 lingere.

784 644 862 685 Vl*
919 639 922 643 ’

222 727 427 767 Suetonius
447 727 490 766 de
509 729 768 778 yrammatieis
789 725 817 767 9
838 728 881 766 de
899 727 1044 767 Orbilio
1064 727 1239 780 Pupillo:
1257 727 1399 767 librum
1420 729 1538 769 etiam

108 785 171 825 cui
193 791 252 824 est
272 784 407 823 titulus
428 781 690 839 περιαλγής,
721 783 841 823 edidit
860 784 1130 823 continentem
1151 784 1345 836 querellas
1365 786 1413 825 de
1433 786 1535 826 iniu-

108 842 197 890 riis,
229 854 326 894 quas
356 842 598 893 professores
621 840 861 893 negligentia
883 847 951 880 aut
971 840 1184 880 ambitione
1206 847 1414 893 parentum
1435 843 1536 883 acci-

109 906 262 952 perent.
314 898 387 938 fuit
416 904 545 938 autem
578 904 739 938 naturae
760 898 923 937 acerbae
947 911 1025 937 non
1048 898 1164 938 modo
1187 895 1226 938 in
1249 899 1536 952 antisophistas,

109 969 209 1008 quos
231 955 339 995 omni
361 955 567 995 occasione
589 955 781 1003 laceravit,
802 955 868 994 sed
892 955 1006 994 etiam
1028 955 1067 994 in
1091 955 1314 1008 discipulos.

772 1057 871 1096 Vll*

224 1137 429 1178 Suetonius
449 1140 492 1178 in
512 1140 593 1178 vita
612 1137 756 1177 Tiberii
767 1135 842 1177 42.-
871 1135 901 1176 T
900 1137 1042 1177 iberius
1059 1138 1201 1178 Asellio
1223 1137 1368 1177 Sabino
1390 1144 1534 1178 sester-

110 1195 161 1235 tia
192 1195 359 1235 ducenta
391 1195 548 1234 donavit
577 1207 649 1247 pro
680 1194 844 1246 dialogo,
882 1194 921 1233 in
954 1207 1031 1246 quo
1063 1195 1182 1235 boleti
1213 1201 1251 1234 et
1281 1194 1467 1235 ficedulae
1497 1202 1536 1235 et

111 1259 261 1292 ostreae
282 1258 321 1291 et
341 1252 444 1291 turdi
466 1258 664 1292 certamen
686 1251 904 1291 induxerat.

225 1363 253 1396 V
282 1364 391 1406 sales,
423 1364 534 1397 indeoe
560 1374 731 1406 graecus,
761 1363 886 1408 μωροῦ
918 1373 1045 1397 nomen
1077 1363 1231 1395 libellum
1262 1365 1422 1405 arguunt
1453 1374 1535 1396 con-

109 1410 259 1443 similem
285 1410 436 1443 Senecae
459 1413 605 1442 saturae
621 1410 633 1453 ΙΙ
654 1408 694 1442 Vl
722 1408 840 1442 titulus
866 1409 1056 1451 perialogos
1073 1407 1085 1452 ΙΙ
1105 1407 1161 1442 Vll
1184 1409 1315 1442 Seneca
1339 1419 1432 1442 suas.
1447 1408 1473 1442 11
1494 1410 1534 1442 12

112 1455 260 1489 Sabinus
285 1455 412 1489 Asilius
437 1455 696 1489 venustissimus
721 1455 808 1488 inter
832 1454 984 1487 rhetores
1009 1464 1121 1487 scurra
