1728 2886
206 117 287 156 134

205 231 342 264 habebit
371 231 602 274 stigmamv45
634 232 676 265 69
723 231 881 275 stigmate

250 276 357 319 puniti
385 277 449 310 103
476 278 540 311 105
587 276 743 318 stigmosi
771 278 833 311 109

206 322 383 355 strabones
402 323 444 356 39
485 320 665 355 strabonus
690 322 733 356 68
758 325 884 356 natum

249 367 402 405 fortasse
425 377 470 399 ex
492 366 628 400 strabus

204 411 330 454 strigae
355 413 397 446 63
445 411 567 455 striges
595 413 659 447 134

204 457 379 500 elegantes
404 457 561 500 strophas
585 458 627 492 60

204 502 357 536 suaviter
380 502 425 536 sit
450 504 491 537 59
511 505 552 536 75
578 503 727 537 suaviter
752 502 817 536 suit
841 504 883 537 65

250 547 316 580 sibi
341 548 490 582 suaviter
506 548 688 582 facientem
706 551 744 583 71
795 548 885 582 sole-

252 593 312 627 bas
337 594 475 627 suavius
501 604 575 628 esse
599 595 640 627 61
669 595 713 628 64

204 638 338 672 sucossi
363 639 405 673 38
430 639 557 672 divites

204 683 390 728 suggillare
413 684 566 718 miserias
594 686 657 719 128

204 739 267 762 nec
292 739 422 763 sursum
440 740 503 763 nec
527 730 685 763 deorsum
709 738 823 763 cresco
842 731 885 764 58

250 774 342 817 quod
359 785 491 809 sursum
505 778 568 816 est,
582 774 740 809 deorsum
757 774 886 808 faciunt

252 821 292 854 63
342 830 458 854 susum
492 823 531 853 in
567 822 750 864 superiore
779 823 887 864 parte

250 865 391 898 aedium
416 868 458 900 77

207 910 329 944 sustuli
355 921 408 945 me
434 911 476 945 de
501 911 733 955 negotiatione
758 912 801 944 76

205 966 266 989 sua
292 957 486 1000 octingenta
513 956 667 1000 possidet
691 957 735 991 38
764 959 886 991 sester-

250 1002 334 1035 tium
347 1012 446 1036 suum
458 1002 545 1036 vidit
569 1002 683 1036 decies
696 1003 740 1036 38
764 1012 885 1046 panem

250 1050 454 1092 autopyrum
479 1047 521 1081 de
545 1058 608 1082 suo
633 1047 697 1081 sibi
724 1048 766 1081 66

204 1093 884 1181 72ἕέξέὲῇἓὲῗὲἆῗιοῗὲωοὲἓοξῖιὲῖὶἓῑὲῗ

228 1183 358 1225 ,(οαίᾱε
381 1186 422 1219 41
446 1185 489 1219 65
505 1185 547 1219 68
588 1184 720 1218 caldum
734 1185 775 1218 67
817 1184 886 1218 cal-

249 1228 455 1263 dicerebrius
494 1231 537 1264 45
575 1231 616 1264 58
671 1229 805 1263 calfacti
842 1231 885 1264 28

250 1274 361 1308 lamna
384 1276 426 1309 57
446 1276 487 1309 58
527 1275 670 1318 aliaque
689 1279 887 1318 pervagata

250 1323 293 1352 ut
314 1320 440 1362 vincla)

204 1366 404 1410 synoecium
429 1367 474 1399 94

205 1464 308 1499 posse
339 1458 472 1489 taurum
504 1455 626 1490 tollere
659 1455 717 1500 qui
741 1455 886 1489 vitulum

250 1501 426 1535 sustulerit
452 1502 493 1535 25

207 1546 272 1580 hoc
296 1546 400 1580 vitam
426 1546 512 1580 dixit
536 1546 660 1580 habere
686 1545 773 1580 telos
800 1547 864 1581 132

206 1592 321 1626 casula
347 1596 429 1634 erat,
454 1602 543 1626 nunc
570 1591 733 1636 templum
751 1595 803 1625 est
821 1594 862 1625 77

206 1641 428 1680 tengomenas
453 1637 616 1671 faciamus
634 1639 677 1672 34
695 1639 738 1672 73
764 1648 785 1670 a
809 1638 886 1683 τέγ-

249 1695 338 1730 γειν,
363 1684 522 1716 bihamus

206 1732 315 1762 terrae
338 1727 431 1762 filius
455 1730 498 1763 43
546 1732 654 1762 terrae
679 1728 778 1762 tuber
802 1729 844 1762 58

205 1774 376 1808 tertiarius
400 1775 443 1807 45

206 1820 302 1853 cuius
318 1819 398 1853 anni
416 1819 458 1852 ad
475 1822 638 1853 tesseram
651 1818 830 1852 venierunt
845 1819 883 1852 81

205 1866 225 1887 *
241 1864 449 1898 testiculavit
474 1866 516 1899 38

205 1911 247 1944 de
271 1910 372 1944 melle
396 1920 450 1943 me
474 1919 583 1953 usque
608 1909 705 1953 tetigi
730 1910 773 1944 66

206 1956 512 1990 omnia‘textorum
537 1955 626 1989 dicta
651 1955 821 1989 consumit
845 1956 887 1990 33

207 2001 296 2035 tituli
322 2002 518 2034 meretricii
543 2003 561 2034 7

207 2053 287 2090 toga
313 2056 471 2091 perversa
497 2046 651 2089 aliquem
667 2045 825 2089 persequi
844 2046 887 2080 58

204 2093 409 2126 tonstrinum
425 2094 604 2126 cantorem
616 2092 671 2133 46,
689 2093 831 2124 cantica
845 2092 889 2125 64

251 2136 297 2177 cf.
323 2141 464 2171 tonores
496 2134 649 2182 τονάρια
674 2136 823 2170 ridiculo
847 2139 888 2169 ul

250 2184 394 2217 videtur
418 2182 632 2216 adsimulata
665 2192 748 2215 voce
771 2185 887 2216 tonso-

251 2231 328 2261 riae
352 2230 428 2262 arti

205 2274 465 2308 Trimalchionis
482 2275 622 2317 topanta
640 2276 692 2306 est
710 2274 750 2306 37
776 2271 822 2311 cf.
839 2269 885 2305 τοὶ

250 2331 372 2354 παντα
772 2335 775 2338 ·

206 2365 367 2399 audacius
393 2363 602 2408 tragoediam
633 2362 797 2405 implebat
824 2362 887 2397 108

255 2410 468 2454 tragoediam
494 2414 648 2443 evertere
675 2410 738 2442 140

206 2466 274 2489 non
300 2455 504 2489 tralaticium
529 2454 656 2488 bellum
683 2455 744 2488 108
775 2455 836 2488 110

207 2500 453 2534 tricliniarches
480 2501 522 2535 22

206 2547 240 2579 in
265 2546 470 2580 tristimonio
497 2555 573 2579 esse
599 2546 641 2579 63

210 2591 374 2634 pecuniae
400 2590 570 2633 cupiditas
595 2590 679 2624 haec
696 2590 824 2634 tropica
842 2590 893 2623 in-

253 2636 365 2670 stituit
391 2637 432 2670 88

708 105 853 153 '1Nnnx
877 118 1092 154 ssamoNrs

954 232 1062 266 terrae
1086 233 1184 267 tuber
1210 235 1251 268 58
1276 234 1383 268 levior
1399 235 1497 285 horti·
1511 236 1630 271 tubere
1699 254 1703 263 -·

953 278 1101 357 lictletmad
1126 323 1296 358 tubicines
1319 324 1434 359 mittas
1461 327 1524 361 129

955 370 1014 401 aut
1038 371 1119 403 tunc
1142 373 1200 403 aut
1225 379 1396 413 nunquam
1421 372 1465 405 44

954 457 1089 491 umbras
1114 458 1220 492 cecidi
1246 460 1290 494 62

954 503 1049 537 cuius
1080 503 1186 547 pluris
1216 508 1289 539 erat
1319 505 1442 549 unguis
1471 516 1570 551 quam
1595 511 1631 542 tu
1685 503 1695 558 ν’

999 551 1091 582 totus
1109 559 1146 583 es
1159 551 1200 583 57
1243 550 1367 584 curabo
1392 561 1446 585 me
1462 553 1632 595 unguibus

926 610 929 614 ·
999 603 1142 638 quaeras
1168 596 1211 629 74
1258 596 1362 630 milvo
1387 606 1519 640 ungues
1538 608 1633 640 prese·

1000 648 1076 672 care
1100 641 1143 674 45
1175 650 1193 673 a
1219 641 1352 684 capillis
1375 652 1482 686 usque
1507 642 1549 677 ad
1573 653 1633 678 un-

999 694 1083 727 gues
1109 686 1172 719 102

953 739 1052 782 ursus
1077 729 1335 766 homuncionem
1355 735 1484 767 comest
1501 735 1544 776 66
1580 744 1634 768 ur-

954 776 1178 854 υῐῗὲὲθίῃθὶῗθῐί
1203 822 1415 856 ambulamus
1440 824 1483 858 42

954 910 974 932 *
988 910 1200 953 desperatum
1218 912 1318 946 valde
1331 914 1374 948 68
1401 923 1467 948 non
1483 916 1563 958 pote
1577 924 1635 948 va·

998 955 1100 990 lidius
1125 967 1225 1000 quam
1250 959 1386 1002 expavit
1411 961 1452 994 51
1551 969 1553 971 '
1695 959 1699 964 ’

954 1002 1129 1035 vasculum
1155 1003 1199 1037 24
1221 1003 1345 1036 virilia

954 1051 1078 1081 vavato
1103 1048 1352 1083 stramenticius
1377 1051 1419 1084 63

955 1092 1006 1126 cui
1032 1095 1205 1127 vecturam
1230 1093 1392 1128 debemus
1420 1097 1479 1129 101

954 1147 1031 1171 cum
1055 1138 1167 1172 ventis
1190 1139 1287 1182 litigo
1313 1141 1355 1174 83

954 1183 1075 1226 viginti
1099 1187 1234 1218 ventres
1259 1195 1363 1228 pasco
1387 1188 1422 1219 et
1446 1195 1564 1219 canem
1591 1188 1632 1220 57

954 1230 1059 1262 verba
1076 1231 1208 1262 rustice
1227 1232 1382 1271 inflexa:
1399 1240 1475 1265 cum
1488 1230 1635 1265 delecta-

999 1278 1091 1308 retur
1114 1274 1284 1309 dominam
1308 1278 1352 1310 45
1377 1277 1422 1310 64
1445 1285 1499 1310 me
1524 1276 1635 1310 studia

1001 1319 1188 1354 fastiditum
1212 1323 1256 1356 48
1296 1321 1462 1365 pudeatur
1486 1323 1527 1356 47
1577 1322 1634 1366 qni

1000 1364 1148 1399 rideatur
1179 1366 1267 1400 alios
1292 1369 1332 1402 57
1381 1367 1567 1401 somniatur
1592 1369 1635 1402 74
1699 1366 1710 1390 ³

1002 1414 1136 1453 argutat
1148 1413 1192 1446 46
1205 1413 1247 1446 57
1273 1413 1482 1456 amplexaret
1495 1414 1538 1448 63
1555 1422 1637 1446 con·
1700 1423 1715 1455 χ

1002 1456 1117 1489 vivare
1149 1457 1240 1490 soles
1270 1459 1311 1491 57
1368 1457 1560 1491 exhortavit
1592 1459 1635 1492 76

1003 1501 1244 1544 naufragarunt
1284 1504 1326 1537 76
1388 1502 1556 1537 defraudit
1595 1505 1636 1538 69
1689 1530 1712 1551 ,ἕ

1496 1548 1574 1582 saxo
1592 1551 1635 1584 95
1700 1550 1717 1593 ζ,

1002 1601 1140 1636 parsero
1159 1595 1201 1628 58
1226 1593 1429 1628 vincitur-um
1443 1595 1486 1628 45
1506 1594 1557 1636 (in
1576 1605 1637 1627 ur·
1694 1594 1717 1638 ⁴⁵:3⁴

1003 1638 1094 1671 bano
1117 1649 1276 1672 sermone
1299 1640 1543 1683 epitomatoris
1564 1642 1637 1683 opi-

1000 1692 1069 1716 nor
1100 1684 1204 1727 culpa
1235 1684 1454 1718 adiuvaturos
1488 1686 1561 1727 18)>
1590 1685 1638 1719 fe·

1002 1727 1130 1763 fellitus
1155 1731 1197 1763 62
1245 1729 1379 1771 domata
1405 1732 1448 1764 74
1494 1730 1638 1764 saciatur
1690 1743 1716 1771 ,522

1002 1775 1042 1808 71
1070 1784 1167 1808 suum
1181 1776 1381 1819 propinasse
1395 1776 1436 1810 28
1455 1776 1510 1817 (ut
1524 1785 1637 1810 meum
1694 1791 1695 1794 ¹
1714 1774 1717 1785 '

1002 1819 1195 1863 intelligere
1213 1822 1270 1864 52)
1317 1820 1375 1865 qui
1407 1821 1493 1856 mori
1516 1821 1637 1856 timore
1696 1821 1717 1867 ἐξ.

1002 1546 1022 1568 *
1035 1546 1131 1580 olunt
1146 1549 1188 1582 50
1228 1551 1330 1582 vetuo
1349 1549 1390 1582 53
1412 1550 1454 1583 47

1003 1863 1067 1898 nisi
1092 1867 1182 1908 ego?
1208 1867 1250 1900 62

956 1909 989 1942 in
1007 1909 1110 1943 molle
1126 1920 1226 1945 carne
1243 1920 1376 1945 vermes
1393 1915 1577 1945 nascuntur
1594 1914 1634 1947 57
1693 1898 1718 1951 ‘11²⁴

956 1965 1037 1989 vero
1061 1965 1142 1989 vero
1169 1957 1211 1991 72
1247 1959 1281 1990 et
1306 1966 1342 1990 se
1367 1966 1449 1990 vero
1474 1966 1637 2001 quaerere
1692 1973 1715 1997 π.

1002 1999 1086 2034 dixit
1110 2002 1152 2035 97

956 2044 1036 2079 dum
1059 2055 1174 2081 versas
1199 2049 1244 2088 te,
1269 2056 1335 2080 nox
1360 2045 1399 2080 fit
1423 2049 1463 2081 41

956 2090 1147 2135 versipellis
1171 2093 1214 2126 62

957 2135 1052 2170 calda
1078 2137 1173 2180 potio
1198 2138 1377 2171 vestiarius
1402 2140 1456 2171 est
1480 2139 1523 2173 41

956 2181 1107 2260 viperalm
1126 2182 1257 2262 Slss-a'a
1277 2183 1425 2217 nutricas
1443 2185 1483 2217 77
1517 2183 1635 2227 vipera

1001 2237 1061 2260 mu
1077 2238 1131 2260 zer
1186 2241 1193 2262 ι

956 2272 1064 2307 vitrea
1089 2273 1194 2307 fracta
1211 2275 1250 2307 10
1275 2274 1509 2307 sententiolae
1524 2273 1636 2307 decla·

1001 2320 1152 2352 matoria

956 2363 1111 2398 vivorum
1135 2363 1386 2398 meminerimus
1410 2365 1453 2398 43
1479 2366 1520 2398 75

959 2409 1043 2442 velit
1067 2409 1204 2444 nomn
1233 2419 1300 2443 non
1313 2409 1389 2443 vult
1405 2409 1470 2443 sibi
1488 2409 1577 2452 male
1594 2410 1637 2443 as

1005 2455 1058 2488 vis
1082 2459 1118 2488 tu
1143 2454 1371 2488 adhortantis
1395 2456 1458 2490 111

959 2499 1079 2544 volpes
1103 2499 1168 2534 uda
1186 2500 1228 2534 58
1277 2500 1368 2534 domi
1393 2501 1524 2542 leones,
1547 2499 1637 2534 foras

1005 2544 1125 2588 vulpes
1150 2546 1194 2578 44

960 2634 1109 2679 zelotypi
1135 2636 1176 2669 45
1225 2634 1294 2668 noli
1319 2634 1476 2679 zelotypa
1501 2644 1577 2669 esse
1595 2635 1637 2670 69
1686 2649 1688 2654 ·
1708 2680 1728 2689 .
