1728 2886
69 942 148 983 118

82 2299 161 2339 119

176 145 231 183 84
790 147 994 183 PETRONII

292 260 352 301 his
383 261 434 300 ita
466 261 678 309 ordinatis,
710 262 830 314 ‘quod
861 262 963 303 hene
994 264 1239 316 feliciterque
1260 265 1445 306 eveniret'
1467 267 1660 319 precatiL

178 317 274 357 deos
304 318 403 357 viam
435 318 694 368 ingredimur.
734 320 801 359 sed
833 332 964 372 neque
986 321 1101 361 Giton
1134 322 1207 362 sub
1239 322 1396 362 insolito
1418 324 1523 363 fasce
1544 323 1617 363 du·-

178 374 310 422 rabat,
332 379 371 413 et
392 375 692 415 mercennarius
714 375 859 425 Corax,
882 377 1120 417 detrectator
1140 379 1370 428 ministerii,
1392 380 1516 431 posita
1538 380 1617 419 fre—

178 430 366 482 quentius
407 431 560 470 sarcina
594 432 695 472 male
726 433 880 473 dicebat
909 435 1218 487 properantibus
1247 435 1548 488 affirmabatque
1577 449 1619 477 se

180 492 246 526 aut
275 487 545 539 proiecturum
576 489 750 529 sarcinas
780 495 847 530 aut
876 503 965 530 cum
998 503 1120 531 onere
1142 492 1372 543 fugiturum.
1411 493 1520 544 ‘quid
1541 492 1620 533 vos'

179 543 309 595 inquit
326 544 559 584 ‘iumentum
580 558 642 585 me
661 547 806 598 putatis
827 559 912 587 esse
934 554 1001 587 aut
1016 548 1243 600 lapidariam
1261 548 1428 589 navem?
1449 549 1621 590 hominis

180 612 320 653 operas
342 601 478 650 locavi,
500 615 580 641 non
605 603 754 642 caballi.
788 616 862 643 nec
884 604 1015 645 minus
1037 604 1138 644 liber
1158 618 1245 645 sum
1268 618 1384 658 quam
1400 619 1482 654 vos,
1504 606 1621 646 etiam

180 657 211 697 si
233 669 450 710 pauperem
471 666 583 710 pater
603 671 665 698 me
687 660 871 711 reliquit?
903 659 976 700 nec
998 667 1214 702 contentus
1230 662 1444 703 maledictis
1458 661 1622 703 tollebat

180 714 348 754 subinde
369 715 483 755 altius
503 716 643 767 pedem
665 722 704 755 et
724 717 891 768 strepitu
914 718 1088 757 obsceno
1110 719 1227 759 simul
1246 724 1363 771 atque
1385 720 1506 760 odore
1522 720 1622 760 viam

181 771 380 823 implebat.
422 772 574 812 ridebat
603 773 894 812 contumaciam
916 774 1033 814 Giton
1067 781 1105 814 et
1134 775 1313 828 singulos
1343 777 1518 829 crepitus
1538 776 1623 817 eius
1655 781 1692 816 1ο

181 828 267 880 pari
289 828 459 868 clamore
479 828 797 881 prosequebatur

897 901 918 924 *

290 942 296 991 Ι
324 941 482 989 ,multos
506 939 652 996 [inquit
668 941 898 994 Eumolpus,
921 940 960 997 o]
978 943 1139 984 iuvenes
1155 956 1311 985 carmen
1331 944 1498 998 decepit.
1531 949 1694 985 namLo

182 1003 227 1037 ut
247 997 414 1049 quisque
435 1010 592 1038 versum
613 998 780 1051 pedibus
809 1000 995 1040 instruxit
1015 1013 1255 1053 sensumque
1276 1002 1515 1041 teneriorem
1537 1014 1623 1042 ver-

182 1054 324 1095 borum
355 1054 504 1094 ambitu
533 1055 721 1104 intexuit,
752 1057 902 1108 putavit
930 1070 972 1097 se
1003 1057 1194 1097 continuo
1225 1058 1264 1097 in
1298 1057 1529 1098 Heliconem
1557 1071 1621 1098 ve-

185 1111 303 1151 nisse.
355 1112 411 1151 sic
447 1112 674 1152 forensibus
711 1113 939 1153 ministeriis
970 1114 1171 1154 exercitati
1202 1115 1431 1166 frequenter
1461 1115 1509 1154 ad
1539 1127 1625 1155 car·
1655 1122 1694 1155 15

184 1168 302 1208 minis
332 1168 656 1219 tranquillitatem
681 1175 866 1221 tanquam
888 1171 935 1210 ad
957 1177 1119 1223 portum
1142 1171 1357 1211 feliciorem
1378 1173 1625 1224 refugerunt,

184 1225 391 1264 credentes
420 1225 571 1266 facilius
591 1237 731 1278 poema
754 1227 880 1266 extrui
901 1240 1035 1278 posse,
1067 1240 1183 1279 quam
1204 1228 1511 1269 controversiam
1533 1241 1625 1269 sen-

185 1281 360 1322 tentiolis
390 1281 635 1322 vibrantibus
666 1283 822 1335 pictam.
863 1289 1037 1324 ceterum
1061 1297 1190 1336 neque
1211 1285 1444 1337 generosior
1463 1285 1626 1338 spiritus

183 1338 393 1378 vanitatem
425 1344 547 1387 amat,
579 1351 710 1391 neque
741 1340 953 1392 concipere
983 1347 1051 1380 aut
1081 1342 1197 1380 edere
1229 1347 1383 1394 partum
1404 1354 1517 1382 mens
1535 1349 1626 1395 pot-

185 1400 244 1435 est
272 1395 350 1439 ¹nisi
390 1395 544 1447 ingenti
584 1396 747 1436 flumine
776 1397 977 1436 literarum
1009 1398 1210 1438 inundata.
1262 1398 1540 1450 refugiendum
1571 1405 1630 1440 est
1698 1419 1700 1424 ’

185 1451 231 1490 ab
263 1452 373 1491 omni
402 1452 634 1500 verborum,
668 1458 710 1492 ut
740 1453 792 1492 ita
823 1454 974 1502 dicam,
1005 1454 1148 1494 vilitate
1178 1461 1216 1494 et
1236 1456 1451 1495 sumendae
1472 1468 1587 1496 voces
1607 1468 1628 1495 a

186 1508 301 1560 plebe
331 1514 524 1556 semotae,
556 1514 600 1549 ut
628 1510 695 1548 fiat
724 1509 816 1548 “odi
845 1511 1057 1561 profanum
1091 1511 1228 1563 vulgus
1258 1518 1297 1551 et
1317 1512 1471 1552 arceo”.
1513 1525 1628 1565 prae-

186 1572 291 1604 terea
323 1564 542 1605 curandum
574 1571 653 1613 est,
686 1578 737 1605 ne
768 1567 987 1606 sententiae
1018 1567 1219 1607 emineant
1240 1574 1349 1607 extra
1370 1581 1516 1621 corpus
1537 1581 1629 1609 ora-

186 1621 306 1662 tionis
335 1633 565 1674 expressae,
597 1622 663 1662 sed
696 1622 846 1662 intexto
879 1623 1054 1664 vestibus
1076 1625 1208 1664 colore
1229 1625 1392 1665 niteant.
1433 1626 1630 1667 Homerus
1696 1665 1697 1669 ,

188 1678 300 1718 testis
331 1685 369 1718 et
388 1678 500 1731 lyrici
521 1678 802 1731 Romanusque
826 1679 1020 1732 Vergilius
1041 1687 1081 1720 et
1102 1681 1254 1721 Horatii
1275 1682 1431 1723 curiosa
1451 1683 1628 1723 felicitas.

188 1735 310 1774 ceteri
340 1735 446 1775 enim
480 1741 546 1774 aut
576 1748 658 1775 non
687 1736 869 1776 viderunt
888 1736 1009 1785 viam,
1041 1750 1117 1789 qua
1139 1738 1262 1778 iretur
1282 1738 1329 1778 ad
1351 1751 1532 1788 carmen,
1564 1746 1631 1780 aut
1687 1755 1693 1769 =

188 1792 308 1831 visam
340 1792 561 1831 timuerunt
590 1793 754 1832 calcare.
797 1805 890 1834 ecce
910 1793 1002 1833 belli
1023 1795 1146 1834 civilis
1168 1795 1310 1846 ingens
1331 1808 1432 1848 opus
1452 1796 1630 1848 quisquis
1690 1798 1697 1840 ’ς

189 1848 382 1899 attigerit,
415 1848 491 1888 nisi
523 1849 666 1900 plenus
695 1849 839 1897 literis,
871 1850 943 1890 sub
976 1863 1099 1890 onere
1130 1851 1295 1892 labetur.
1337 1865 1417 1892 non
1441 1853 1548 1892 enim
1567 1865 1632 1893 res

188 1911 319 1956 gestae
339 1904 518 1945 versibus
539 1905 932 1958 comprehendendae
953 1913 1059 1955 sunt,
1082 1908 1187 1959 quod
1208 1908 1327 1961 longe
1347 1909 1488 1950 melius
1507 1909 1632 1950 histo-

190 1961 261 2001 rici
282 1962 446 2010 faciunt,
468 1962 534 2002 sed
557 1974 630 2014 per
650 1961 837 2015 ambages
858 1963 1102 2016 deorumque
1122 1964 1340 2005 ministeria
1355 1971 1395 2007 et
1409 1965 1635 2007 fabulosum
1663 1953 1701 2005 811

190 2019 478 2058 sententiarum
521 2025 766 2059 tormentum
801 2020 1121 2072 praecipitandus
1151 2027 1210 2061 est
1239 2021 1341 2062 liber
1369 2023 1551 2075 spiritus,
1591 2029 1635 2063 ut
1685 2039 1697 2054 ·«

190 2075 322 2127 potius
343 2075 514 2115 furentis
536 2076 657 2116 animi
678 2077 903 2117 vaticinatio
924 2085 1110 2130 appareat
1131 2090 1247 2130 quam
1266 2079 1471 2132 religiosae
1488 2080 1634 2120 oratio·
1681 2105 1696 2109 „

191 2131 252 2171 nis
282 2131 356 2172 sub
387 2132 557 2172 testibus
587 2133 703 2173 fides:
736 2139 923 2185 tanquam
955 2134 986 2174 si
1009 2134 1137 2187 placet
1157 2135 1221 2175 hic
1241 2135 1432 2189 impetus,
1463 2137 1579 2177 etiam
1601 2137 1633 2178 si
1686 2135 1696 2144 '⁴

193 2188 374 2229 nondum
396 2189 546 2241 recepit
567 2189 742 2230 ultimam
765 2189 939 2230 manum’

902 2260 924 2285 *

400 2301 549 2341 ‘orbem
572 2302 648 2342 iam
670 2309 796 2342 totum
818 2303 944 2343 victor
962 2303 1163 2344 Romanus
1183 2304 1372 2354 habebat,

309 2370 385 2409 qua
407 2370 538 2407 mare,
569 2371 643 2411 qua
666 2365 814 2409 terrae,
837 2372 912 2412 qua
934 2360 1041 2400 sidus
1063 2360 1187 2400 currit
1206 2367 1432 2414 utrumque.

309 2426 385 2453 nec
406 2415 567 2456 satiatus
588 2422 681 2456 erat.
723 2416 891 2468 gravidis
910 2417 1008 2457 freta
1031 2417 1144 2469 pulsa
1164 2418 1310 2459 carinis

309 2516 351 2547 10
376 2515 538 2558 strepitus
558 2515 629 2558 1112
655 2516 782 2550 multos
809 2516 965 2550 nimirum
990 2526 1125 2551 carmen
1149 2518 1341 2562 florilegia,
1364 2518 1476 2563 inquit
1498 2518 1635 2554 Eumol·
1682 2506 1699 2537 ’ᾗ

193 2568 257 2601 pus
282 2569 348 2592 om.
378 2560 406 2592 L
431 2559 444 2603 ΙΙ
472 2561 512 2595 13
538 2561 705 2595 teneriore
721 2562 911 2595 Ber-nensis
928 2562 941 2606 ss
961 2563 1002 2596 16
1026 2562 1211 2596 faciliorem
1229 2563 1242 2607 ΙΙ
1262 2565 1304 2598 19
1327 2564 1506 2598 sanitatem
1527 2565 1534 2608 Ι
1554 2574 1635 2599 con·
1675 2599 1680 2605 .

193 2604 278 2646 spici
297 2604 309 2647 ΙΙ
329 2605 369 2638 20
396 2605 598 2640 inundanter
622 2606 853 2650 effugiendum
879 2607 1052 2650 (inundata
1076 2607 1229 2648 fortasse
1252 2609 1295 2651 L)
1312 2608 1325 2653 ΙΙ
1344 2610 1386 2644 22
1410 2613 1600 2645 summotae
1620 2610 1636 2655 Ι

195 2650 237 2682 24
263 2649 421 2684 versibus
450 2651 535 2683 libri
553 2652 747 2697 plerique„
768 2654 810 2686 25
835 2652 990 2693 fortasse
1015 2654 1112 2687 testis
1137 2657 1190 2688 est
1214 2657 1248 2688 et
1266 2653 1279 2698 ss
1297 2655 1340 2689 26
1364 2658 1424 2689 aut
1447 2665 1584 2690 versum
1643 2667 1645 2669 ·
