1728 2886
298 73 317 83 κ

229 117 281 154 48
900 115 1104 156 PETRONII

227 229 455 272 carissime?
514 231 693 270 aedificas
731 238 1034 272 monumentum
1073 245 1202 272 meum
1216 262 1225 279 ‚
1265 233 1592 285 quemadmodum
1621 240 1660 274 te

227 286 351 329 iussi?
390 288 499 327 valde
519 294 559 327 te
580 300 676 339 rogo
690 317 699 335 ‚
730 295 774 327 ut
803 289 1019 329 secundum
1042 290 1161 342 pedes
1189 295 1337 330 statuae
1358 302 1465 330 meae
1485 290 1663 332 catellam
1677 311 1685 335 ῃ
1709 294 1711 299 ’

226 357 352 398 ponas
382 352 420 384 et
451 357 618 384 coronas
649 350 688 384 et
718 351 920 397 unguenta
950 353 988 386 et
1018 346 1198 386 Petraitis
1237 358 1375 386 omnes
1405 359 1577 399 pugnas,
1619 353 1682 388 ut

227 402 322 441 mihi
352 402 555 454 contingat
584 408 654 441 tuo
684 400 877 442 beneficio
908 409 998 455 post
1026 409 1194 443 mortem
1216 403 1366 452 vivere;
1396 409 1598 455 praeterea
1618 410 1663 445 ut

226 459 306 499 sint
326 458 366 498 in
389 460 518 498 fronte
540 458 660 510 pedes
681 465 853 508 centum,
881 460 919 499 in
943 472 1079 512 agrum
1101 460 1221 512 pedes
1243 460 1415 500 ducenti.
1456 472 1573 500 omne
1594 473 1675 513 ge·;

228 528 302 555 nus
323 516 426 555 enim
449 527 563 567 poma
579 515 667 555 volo
683 516 762 556 sint
783 516 885 556 circa
902 517 1056 557 cineres
1071 529 1194 565 meos,
1216 524 1254 556 et
1269 517 1471 557 vinearum
1486 517 1656 570 largiter.
1674 534 1679 568 ς

226 573 334 612 valde
365 573 469 612 enim
501 573 639 612 falsum
671 579 729 612 est
749 572 832 612 vivo
850 574 1004 625 quidem
1035 574 1172 614 domos
1193 574 1317 614 cultas
1338 586 1446 623 esse;
1478 586 1561 614 non
1592 586 1677 614 cu·-

227 629 304 669 rari
327 641 414 676 eas,
445 629 512 669 ubi
535 629 679 669 diutius
710 630 825 670 nobis
853 627 1106 670 habitandum
1139 637 1209 670 est.
1250 636 1290 670 et
1310 631 1397 670 ideo
1419 635 1511 671 ante
1531 631 1676 671 omnia

225 686 323 726 adici
345 686 453 726 volo:
477 687 578 725 “hoc
598 693 898 726 monumentum
921 687 1105 726 heredem
1127 699 1209 727 non
1231 686 1447 739 sequitur”.
1486 693 1660 728 ceterum

226 743 301 782 erit
320 743 413 782 mihi
433 755 571 791 curae,
592 749 636 782 ut
656 749 889 783 testamento
911 756 1064 783 caveam
1077 775 1086 791 ,
1117 756 1168 783 ne
1196 750 1376 784 mortuus
1395 744 1578 784 iniuriam
1598 742 1679 784 ac?

226 800 380 851 cipiam.
421 812 663 851 praeponam
695 800 799 839 enim
831 813 954 840 unum
977 813 1024 840 ex
1045 800 1195 841 libertis
1215 801 1397 854 sepulcro
1417 813 1506 841 meo
1527 807 1661 842 custo-

226 856 311 895 diae
332 868 467 904 causa,
500 869 551 895 ne
580 856 620 895 in
642 863 945 897 monumentum
966 869 1096 897 meum
1119 858 1290 910 populus
1317 863 1496 898 cacatum
1517 863 1662 898 currat.

227 919 263 952 te
284 924 402 965 rogo,
435 920 478 952 ut
497 925 613 953 naves
634 913 749 953 etiam
1023 915 1271 954 monumenti
1300 914 1376 955 mei
1396 914 1514 955 facias
1534 914 1662 967 plenis
1677 923 1683 970 J

225 969 318 1009 velis
340 975 491 1018 euntes,
514 976 552 1009 et
571 983 634 1009 me
655 970 694 1009 in
716 971 902 1010 tribunali
923 971 1124 1010 sedentem
1145 977 1428 1023 praetextatum
1450 982 1539 1011 cum
1561 983 1677 1011 anu·¹

225 1026 272 1066 lis
292 1027 422 1066 aureis
443 1027 620 1078 quinque
642 1032 681 1066 et
701 1039 883 1067 nummos
899 1027 939 1067 in
957 1027 1116 1079 publico
1133 1028 1181 1067 de
1197 1028 1354 1068 sacculo
1371 1027 1679 1078 effundentem:

225 1083 301 1123 scis
322 1083 442 1131 enim,
465 1084 569 1135 quod
592 1084 751 1135 epulum
773 1084 860 1124 dedi
882 1084 997 1124 binos
1018 1085 1213 1125 denarios.
1254 1084 1429 1132 saciatur,
1460 1084 1493 1125 si
1513 1084 1584 1124 tibi
1605 1084 1660 1124 vi-

225 1140 360 1188 detur,
390 1147 429 1179 et
447 1141 630 1180 triclinia.
671 1141 789 1181 facias
810 1146 849 1180 et
869 1147 994 1180 totum
1016 1141 1206 1194 populum
1228 1141 1301 1181 sibi
1324 1141 1493 1181 suaviter
1512 1141 1680 1182 facien·

225 1203 317 1236 tem.
367 1197 412 1236 ad
444 1197 643 1237 dexteram
674 1210 798 1238 meam
829 1210 955 1249 ponas
986 1205 1151 1238 statuam
1183 1198 1420 1238 Fortunatae
1449 1210 1560 1238 meae
1590 1209 1659 1238 co—

224 1253 398 1293 lumbam
419 1260 640 1294 tenentem:
672 1261 710 1293 et
731 1255 906 1294 catellam
929 1255 1087 1307 cingulo
1109 1255 1300 1307 alligatam
1322 1254 1458 1295 ducat:
1490 1261 1529 1295 et
1557 1255 1660 1295 cica-

224 1322 363 1350 ronem
384 1323 529 1359 meum,
551 1318 590 1351 et
609 1311 817 1363 amphoras
838 1312 1016 1363 copiosas
1036 1319 1238 1364 gypsatas,
1261 1325 1311 1351 ne
1331 1312 1495 1352 effluant
1513 1311 1660 1352 vinum.

225 1372 263 1406 et
282 1380 422 1407 urnam
443 1368 535 1407 licet
554 1369 714 1407 fractam
735 1368 903 1420 sculpas,
925 1374 965 1408 et
983 1381 1102 1420 super
1122 1381 1208 1409 eam
1235 1381 1403 1422 puerum
1424 1368 1674 1421 plorantem,

224 1424 471 1476 horologium
493 1425 532 1464 in
554 1425 696 1473 medio,
717 1431 761 1464 ut
781 1425 960 1477 quisquis
979 1425 1095 1466 horas
1116 1426 1319 1478 inspiciet,
1341 1425 1432 1465 velit
1454 1425 1564 1474 nolit,
1586 1437 1660 1465 no-

225 1493 316 1519 men
337 1493 469 1520 meum
489 1482 603 1534 legat.
643 1482 848 1534 inscriptio
870 1494 1029 1533 quoque
1057 1483 1143 1522 vide
1172 1483 1381 1535 diligenter
1410 1482 1442 1522 si
1473 1482 1568 1522 baec
1599 1494 1661 1522 sa-

226 1537 275 1576 tis
294 1537 435 1577 idonea
455 1537 525 1577 tibi
554 1538 727 1578 videtur:
759 1538 826 1578 “C.
849 1538 1060 1590 Pompeius
1080 1539 1316 1579 Trimalchio
1347 1538 1661 1580 Maecenatianus

223 1594 288 1633 hic
308 1594 531 1646 requiescit.
570 1595 664 1635 huic
694 1595 882 1635 seviratus
911 1595 1065 1635 absenti
1095 1595 1278 1637 decretus
1306 1601 1376 1636 est.
1417 1607 1507 1635 cum
1528 1599 1671 1648 posset
1706 1608 1709 1654 j

224 1651 264 1690 in
287 1651 470 1692 omnibus
491 1652 660 1692 decuriis
674 1651 822 1693 Romae
844 1664 940 1701 esse,
962 1658 1092 1692 tamen
1116 1653 1255 1693 noluit.
1296 1652 1397 1705 pius,
1418 1651 1543 1701 fortis,
1562 1651 1670 1692 fide-2

223 1707 290 1756 lis,
322 1720 368 1747 ex
391 1720 509 1760 parvo
539 1709 678 1757 crevit,
699 1709 921 1749 sestertium
943 1709 1101 1761 reliquit
1120 1710 1350 1758 trecenties,
1382 1721 1456 1749 nec
1484 1720 1658 1761 unquam

223 1763 500 1816 philosophum
522 1765 677 1805 audivit.
718 1766 820 1805 vale:
842 1772 882 1805 et
901 1765 981 1805 tu''.

157 1821 211 1861 72
336 1821 432 1860 haec
462 1827 506 1860 ut
534 1822 630 1861 dixit
658 1822 912 1871 Trimalchio,
952 1822 1046 1862 flere
1076 1823 1206 1875 coepit
1233 1821 1416 1862 ubertim.
1474 1821 1592 1862 flebat
1620 1827 1660 1863 et

224 1876 460 1926 Fortunata,
481 1878 599 1918 flebat
619 1884 658 1918 et
678 1878 891 1927 Habinnas,
922 1884 1001 1918 tota
1023 1879 1195 1931 denique
1215 1878 1380 1927 familia,
1410 1885 1597 1930 tanquam
1617 1879 1671 1930 111ν
1707 1873 1710 1885 ’

223 1934 343 1974 sunus
364 1941 518 1987 rogata,
549 1935 828 1975 lamentatione
849 1935 1062 1975 triclinium
1084 1935 1270 1988 implevit.
1311 1935 1430 1975 immo
1461 1934 1536 1975 iam
1567 1947 1659 1975 coe-

223 2002 358 2041 peram
389 1992 503 2031 etiam
543 2005 615 2044 ego
654 1993 830 2044 plorare,
862 2005 951 2032 cum
977 1992 1214 2032 Trimalchio
1246 1992 1366 2044 ‘ergo’
1395 1992 1526 2044 inquit
1554 1995 1659 2033 ‘cum

223 2047 391 2088 sciamus
413 2061 485 2089 nos
506 2049 719 2090 morituros
739 2061 844 2096 esse,
875 2061 997 2101 quare
1017 2062 1098 2089 non
1119 2047 1319 2089 vivamus?
1349 2049 1406 2089 sic
1434 2061 1503 2090 vos
1523 2047 1656 2090 felices

221 2103 388 2152 videam,
423 2106 661 2147 coniciamus
683 2119 757 2146 nos
777 2106 817 2146 in
839 2105 1045 2154 balneum,
1077 2118 1165 2146 meo
1186 2105 1385 2158 periculo,
1417 2118 1498 2146 non
1519 2105 1672 2162 paeni-,s

222 2160 330 2200 tebit.
360 2162 416 2202 sic
436 2162 535 2202 calet
554 2169 738 2215 tanquam
760 2161 926 2203 furnus'.
957 2166 1074 2210 6νει-ο,
1096 2162 1202 2203 vero’
1223 2162 1354 2215 inquit
1371 2162 1576 2203 Habinnas
1597 2161 1665 2205 ‘del
1708 2179 1709 2185 ¹

221 2229 299 2256 una
329 2218 391 2257 die
421 2219 516 2259 duas
544 2220 694 2268 facere,
728 2219 823 2259 nihil
851 2219 966 2259 malo'
998 2219 1191 2271 nudisque
1222 2219 1472 2259 consurrexit
1490 2215 1668 2272 pedibus
1707 2226 1709 2232 '

222 2279 260 2312 et
281 2274 610 2316 Trimalchionem
631 2276 883 2329 plaudentem
904 2276 1090 2328 subsequi
1110 2279 1239 2329 coepit.
1666 2282 1670 2314 ζ

334 2344 407 2383 ego
428 2333 645 2384 respiciens
659 2333 705 2372 ad
717 2333 900 2386 Ascylton
919 2332 1025 2384 ‘quid
1047 2333 1195 2385 cogitas
1205 2332 1237 2373 ‘2’
1258 2333 1420 2385 inquam
1441 2337 1527 2385 ‘ego
1548 2331 1661 2375 enim,

219 2387 252 2425 si
282 2387 413 2428 videro
443 2389 647 2437 balneum,
677 2390 807 2430 statim
837 2388 1048 2442 expirabo'.
1108 2389 1389 2430 ‘assectemur’
1418 2388 1471 2429 ait
1508 2388 1573 2429 ille
1603 2391 1656 2428 ‘et

220 2443 314 2482 dum
334 2444 388 2484 illi
410 2445 591 2486 balneum
613 2453 775 2499 petunt,
806 2459 879 2487 nos
900 2447 940 2486 in
962 2445 1078 2486 turba
1100 2446 1307 2487 exeamus’.
1346 2458 1436 2487 cum
1456 2445 1553 2487 haec
1572 2444 1669 2498 pla-

335 2535 354 2567 3
386 2535 506 2578 pingas
538 2535 543 2578 1
577 2534 746 2577 Petraitis]
783 2534 830 2575 cf.
866 2539 972 2579 caput
1006 2534 1052 2569 52
1079 2534 1092 2578 ΙΙ
1122 2536 1142 2568 9
1178 2538 1340 2579 sequatur
1368 2534 1382 2579 ΙΙ
1410 2535 1452 2569 16
1487 2533 1668 2569 faciantur

225 2576 372 2611 Goesz'us
390 2580 403 2623 ΙΙ
422 2582 461 2613 17
489 2580 592 2614 facies
611 2580 623 2625 Η
641 2582 679 2614 21
708 2585 742 2615 et
766 2591 867 2615 unam
888 2581 893 2625 Ι
914 2580 1046 2614 scilicet
1078 2580 1297 2623 Segebadius
1314 2580 1387 2624 1137
1411 2579 1619 2624 gaudentem
1634 2569 1660 2624 1

221 2622 267 2656 39
291 2629 504 2658 assentemur
528 2629 563 2659 et
585 2628 624 2659 in
648 2628 812 2669 margine
836 2626 880 2661 al.
905 2626 1120 2660 absentemur
