1728 2886
680 132 864 168 SATlRAE
1403 136 1423 172 1
1431 135 1484 173 03

52 253 191 294 .cerat,
230 258 428 298 anumque
466 247 641 299 pondere
680 261 751 288 suo
786 249 973 289 deiectam
1004 261 1124 302 super
1153 249 1325 289 foculum
1357 249 1487 289 mittit.

50 302 259 354 stangitur
288 315 381 356 ergo
412 304 541 343 cervix
561 305 791 344 cucumulae
821 305 1032 357 ignemque
1062 306 1179 346 modo
1211 305 1487 346 convalescen-

47 363 140 413 stem
171 360 390 412 restinguit.
418 357 424 411 Ι
450 365 559 400 vexat
589 360 765 400 cubitum
795 361 878 413 ipsa
907 362 1038 413 stipite
1059 362 1211 402 ardenti
1239 362 1244 414 Ι
1270 362 1487 414 faciemque

31 422 184 462 „totam
221 417 388 456 excitato
419 416 551 456 cinere
581 418 794 468 perfundit.
835 419 1067 458 consurrexi
1098 418 1278 470 equidem
1310 419 1488 459 turbatus

42 483 258 524 :anumque
280 486 358 512 non
382 485 466 512 sine
487 473 568 512 risu
589 474 696 513 erexi

40 530 70 578 'sl
90 529 319 580 statimque,
343 542 391 569 ne
410 541 473 569 res
492 529 618 581 aliqua
639 530 872 570 sacrificium
893 537 1135 579 moraretur,
1159 531 1204 570 ad
1227 531 1486 571 reficiendum

24 587 30 599 ⁵
60 585 193 638 ignem
214 586 252 625 in
275 586 453 625 viciniam
474 586 660 626 cucurrit.

47 638 72 696 Ι
94 642 222 696 itaque
244 643 289 681 ad
311 654 421 682 casae
443 643 624 682 ostiolum
647 643 820 695 processi

44 699 71 752 ‘1
93 710 182 738 cum
209 711 301 738 ecce
320 705 399 738 tres
419 711 578 739 anseres
600 699 700 739 sacri
727 699 733 751 Ι
760 699 850 751 qui,
871 706 916 740 ut
935 705 1052 752 put0,
1075 700 1203 739 medio
1225 700 1285 740 die
1307 700 1487 740 solebant

60 754 109 795 ab
129 767 205 794 anu
227 755 346 795 diaria
367 755 534 808 exigere,
562 753 567 809 Ι
594 756 791 808 impetum
810 756 849 795 in
874 769 936 796 me
957 756 1106 795 faciunt
1126 757 1319 808 foedoque
1340 769 1385 797 ac
1407 757 1486 797 vel—

51 811 116 851 'uti
146 811 300 852 rabioso
331 812 498 852 stridore
529 812 822 852 circumsistunt
852 812 1126 865 trepidantem.
1167 819 1283 865 atque
1304 814 1402 854 alius
1421 821 1485 854 tu-

45 868 188 908 .nicam
219 881 343 908 meam
374 869 539 917 lacerat,
571 869 669 909 alius
700 869 854 908 vincula
884 870 1239 910 calceamentorum
1261 871 1419 910 resolvit
1439 883 1483 910 ac

13 920 199 973 trahit3
221 938 324 965 unus
344 925 480 973 etiam,
503 926 578 965 dux
601 938 645 965 ac
667 925 850 977 magister
869 926 1059 975 saevitiae,
1083 939 1162 966 non
1186 926 1374 967 dubitavit
1395 940 1484 968 crus

61 992 190 1021 meum
226 988 375 1021 serrato
413 994 552 1021 vexare
590 994 736 1022 morsu.
777 981 921 1022 oblitus
958 983 1087 1034 itaque
1122 995 1313 1034 nugarum
1344 984 1483 1036 pedem

11 1036 39 1087 j,
60 1037 258 1077 mensulae
279 1038 421 1077 extorsi
445 1039 634 1090 coepique
657 1038 989 1090 pugnacissimum
1011 1039 1153 1078 animal
1174 1047 1317 1079 armata
1340 1040 1484 1080 elidere

11 1106 191 1146 Jnanu.
222 1107 296 1134 nec
315 1094 475 1134 satiatus
496 1094 744 1134 defunctorio
763 1095 856 1142 ictu,
877 1102 1003 1135 morte
1025 1107 1086 1135 me
1109 1096 1257 1136 anseris
1274 1097 1482 1137 vindicavi:

328 1151 421 1191 tales
442 1151 632 1191 Herculea
655 1151 938 1203 Stymphalidas
958 1158 1039 1192 arte
1061 1159 1212 1192 coactas

327 1209 372 1247 ad
395 1208 544 1247 caelum
565 1209 709 1260 fugisse
730 1221 833 1256 reor,
855 1221 1036 1260 peneque
1057 1210 1223 1249 fluentes

328 1264 528 1317 Harpyias,
551 1277 640 1304 cum
664 1265 812 1304 Phineo
834 1265 1017 1304 maduere
1037 1278 1191 1305 veneno

326 1321 481 1361 fallaces
502 1322 652 1373 epulae.
694 1322 853 1361 tremuit
873 1323 1105 1374 perterritus
1127 1323 1261 1362 aether

325 1377 548 1430 planctibus
567 1378 746 1426 insolitis,
769 1379 1011 1430 confusaque
1034 1379 1138 1431 regia
1162 1379 1256 1418 caeli

761 1449 782 1472 *

12 1527 39 1545 ἑξ,
168 1489 173 1541 Ι
200 1490 274 1529 iam
298 1490 436 1542 reliqui
466 1491 679 1531 revolutam
711 1491 932 1543 passimque
963 1504 1034 1543 per
1063 1498 1188 1531 totum
1220 1491 1382 1531 effusam
1413 1503 1484 1543 pa·

12 1547 271 1599 fvlmentum
292 1547 531 1598 collegerant
552 1547 699 1596 fabam,
722 1547 949 1599 orbatique,
972 1555 1016 1587 ut
1036 1548 1236 1596 existimo,
1259 1547 1357 1587 duce
1379 1548 1482 1587 redi-

201 1603 240 1643 in
273 1604 483 1656 templum,
515 1617 602 1644 cum
635 1616 706 1655 ego
737 1605 879 1657 praeda
910 1605 1026 1644 simul
1052 1611 1168 1657 atque
1193 1600 1294 1659 [hae]
1314 1604 1481 1644 vindicta

43 1660 231 1706 'audens
261 1667 350 1712 post
379 1660 523 1700 lectum
555 1661 727 1700 occisum
758 1673 936 1701 anserem
966 1661 1077 1700 mitto
1105 1661 1326 1713 vulnusque
1357 1661 1482 1703 cruris

86 1716 160 1755 aud
191 1716 308 1756 altum
340 1723 449 1757 aceto
480 1717 598 1757 diluo.
639 1717 779 1756 deinde
811 1717 1030 1758 convicium
1051 1730 1190 1758 verens
1211 1717 1380 1757 abeundi
1401 1718 1481 1757 for-

14 1769 154 1825 >'gfmavi
186 1773 412 1822 consilium,
445 1773 686 1826 collectoque
717 1774 823 1813 cultu
855 1786 942 1814 meo
972 1774 1029 1814 ire
1059 1781 1166 1814 extra
1197 1786 1323 1814 casam
1356 1774 1480 1826 coepi.

21 1829 223 1899 &necdum
260 1842 532 1882 superaveram
563 1830 723 1870 cellulae
754 1831 893 1879 limen,
932 1843 1020 1870 cum
1052 1831 1316 1870 animadverto
1348 1830 1480 1870 Oeno-

16 1884 185 1934 „zfiheam
217 1898 303 1926 cum
335 1892 435 1926 testo
467 1887 568 1938 ignis
597 1887 715 1939 pleno
744 1887 980 1927 venientem.
1019 1887 1155 1927 reduxi
1177 1887 1296 1940 igitur
1315 1887 1479 1939 gradum

68 1942 305 1995 moiectaque,
327 1950 444 1991 veste,
465 1949 649 1996 tanquam
671 1949 915 1996 expectarem
937 1949 1168 1992 morantem,
1190 1945 1229 1983 in
1252 1944 1357 1983 aditu
1378 1945 1479 1983 steti.

16 1996 257 2041 1·‘'-.=.eollocavit
286 1999 349 2039 illa
379 2000 510 2052 ignem
532 2001 649 2041 cassis
669 2000 956 2040 harundinibus
977 2001 1182 2040 collectum
1197 2031 1206 2048 ,
1239 2000 1479 2052 ingestisque

23 2054 176 2107 {nuper
194 2055 372 2108 pluribus
393 2057 509 2109 lignis
530 2069 716 2097 excusare
737 2057 867 2109 coepit
886 2069 1048 2104 moram,
1070 2057 1175 2108 quod
1197 2057 1319 2096 amica
1335 2069 1377 2096 se
1397 2069 1477 2096 non

19 2109 262 2172 {gssdimisisset
277 2113 356 2153 'nisi
379 2113 504 2153 tribus
523 2114 754 2166 potionibus
774 2126 794 2153 e
817 2114 901 2166 lege
922 2114 1087 2154 siccatis.
1126 2113 1244 2165 ‘quid’
1265 2125 1385 2165 porro
1408 2112 1474 2152 ‘tu’

31 2165 185 2220 ”ainquit
205 2173 280 2208 ‘me
310 2169 471 2210 absente
503 2171 648 2218 fecisti,
678 2176 746 2210 aut
773 2170 840 2210 ubi
871 2176 930 2210 est
951 2169 1077 2210 faba?'
1107 2183 1200 2222 ego,
1232 2169 1297 2221 qui
1318 2175 1479 2222 putave-

15 2234 137 2282 z*glum
156 2237 219 2265 me
239 2238 321 2265 rem
346 2226 455 2267 laude
477 2227 593 2266 etiam
614 2227 769 2279 dignam
792 2227 949 2273 fecisse,
973 2227 1110 2267 ordine
1132 2227 1194 2266 ille
1216 2232 1340 2266 totum
1361 2237 1480 2278 proe-

170 2361 186 2393 1
212 2359 359 2402 pondere
395 2361 462 2392 huc
493 2360 693 2393 traductum
718 2360 857 2393 videtur
880 2372 926 2393 οτι·
950 2364 1119 2393 commate
1139 2362 1263 2403 priore
1293 2359 1304 2401 ss
1333 2360 1352 2393 2
1377 2357 1478 2392 modo

20 2411 124 2439 on
150 2403 218 2449 041
246 2406 266 2438 3
291 2407 392 2448 atque
419 2410 524 2438 totam
551 2405 668 2439 faciem
690 2406 726 2439 0.
774 2416 863 2447 quae
881 2406 1103 2448 praecedunt
1126 2407 1165 2438 in
1191 2405 1218 2438 L
1242 2407 1393 2444 seruata,
1418 2414 1478 2436 οτι)-

53 2452 196 2493 per-pior
217 2450 351 2483 soloece
375 2451 503 2483 extulit
525 2451 537 2494 ll
563 2453 583 2484 4
609 2450 755 2495 perfudit
780 2451 828 2494 115
854 2451 922 2484 risu
948 2460 1022 2484 meo
1048 2451 1138 2484 erexi
1164 2450 1192 2483 L
1222 2450 1234 2494 ΙΙ
1265 2453 1283 2483 7
1310 2449 1439 2484 cucurri
1464 2451 1475 2490 1!

57 2492 81 2537 9
101 2498 135 2528 et
158 2504 236 2528 ecee
261 2504 396 2528 anseres
420 2496 506 2529 sacri
530 2498 692 2540 impetum
714 2496 739 2528 0
757 2495 769 2539 ΙΙ
789 2497 829 2530 18
847 2505 1045 2539 pennaeque
1071 2496 1206 2529 fluentis
1231 2498 1295 2528 aut
1318 2503 1478 2538 poenam·

53 2538 122 2583 'qne
143 2538 276 2574 luentes
300 2541 462 2573 Heinsius
490 2540 502 2584 ΙΙ
535 2543 574 2576 19
599 2551 739 2585 quarum
775 2540 891 2574 Phinei
926 2541 1146 2574 Schrader-us
1174 2540 1186 2584 11
1215 2541 1258 2575 22
1283 2539 1475 2574 devolutam

57 2583 215 2630 coniectu
235 2586 277 2619 28
301 2585 523 2620 liberaveram
553 2586 565 2630 ll
595 2588 636 2621 33
662 2586 769 2619 tribus
794 2586 857 2619 nisi
879 2586 884 2629 l
905 2589 988 2619 ante
1012 2587 1230 2619 coniecerant
1256 2585 1335 2630 quid
1360 2595 1441 2618 vero
1466 2584 1479 2628 Ι]

57 2628 100 2663 34
120 2631 236 2672 potius
258 2630 417 2673 putabam
