1728 2886
245 127 299 166 60
866 107 1078 157 PETRoNu‘

449 241 526 280 iam
546 238 696 278 decima
716 242 885 278 maestos
904 237 1009 277 inter
1028 236 1219 289 ancipites
1239 243 1367 278 metus

451 297 625 348 Phrygas
645 293 851 335 obsidebat
870 294 1008 335 messis
1029 299 1069 334 et
1087 294 1185 334 vatis
1207 293 1304 334 fides

451 351 673 393 Calchantis
694 356 779 391 atro
800 350 920 391 dubia
939 350 1134 403 pendebat
1157 357 1277 399 metu,

452 421 544 450 cum
564 408 675 449 Delio
697 407 881 460 profante
902 408 1004 448 caesi
1026 407 1193 448 vertices

379 474 398 506 5
456 466 545 506 Idae
566 465 779 505 trabuntur
798 465 996 516 scissaque
1018 464 1059 504 in
1080 464 1225 504 molem
1246 463 1393 504 cadunt

453 523 610 571 robora,
632 521 826 561 minacem
847 533 947 573 quae
968 522 1186 573 figurarent
1207 533 1367 572 equum.

452 579 629 631 aperitur
649 578 793 631 ingens
812 583 969 629 antrum
991 583 1030 618 et
1050 577 1211 617 obducti
1234 589 1390 629 specus,

453 637 521 688 qui
542 641 669 676 castra
689 640 890 686 caperent.
930 635 1009 674 huc
1031 634 1200 675 decenni
1221 633 1388 686 proelio·

452 693 549 733 irata
570 692 693 731 virtus
714 691 882 740 abditur,
903 691 1053 743 stipant
1071 703 1208 743 graves

359 756 396 790 10
454 749 575 790 Danai
597 760 791 795 recessus,
812 748 852 788 in
875 760 947 787 suo
968 754 1059 787 voto
1080 748 1216 787 latent.

455 819 478 845 o
500 805 638 857 patria,
660 804 792 857 pulsas
813 804 918 844 mille
939 804 1176 844 credidimus
1197 809 1301 843 rates

452 863 660 913 solumque
682 860 785 900 bello
805 861 996 901 liberum:
1019 861 1096 900 hoc
1116 861 1254 900 titulus
1274 860 1360 900 fero

455 919 617 966 incisus,
637 918 714 958 hoc
735 918 782 957 ad
803 918 907 957 furta
928 917 1175 970 compositus
1197 917 1324 957 Sinon

456 975 636 1016 firmabat
655 980 695 1015 et
714 986 828 1015 mens
848 987 1005 1027 semper
1025 974 1065 1014 in
1089 975 1276 1014 damnum
1297 978 1454 1025 potens.

360 1038 397 1072 15
512 1033 588 1072 iam
608 1031 725 1071 turba
745 1031 871 1083 portis
891 1031 1014 1071 libera
1035 1043 1080 1071 ac
1101 1031 1204 1070 bello
1226 1042 1366 1070 carens

458 1090 496 1130 in
519 1095 606 1129 vota
627 1094 826 1140 properat.
867 1087 1025 1128 fletibus
1044 1093 1208 1128 manant
1227 1098 1352 1139 genae

456 1145 680 1196 mentisque
702 1145 863 1198 pavidae
884 1144 1068 1197 gaudium
1091 1144 1270 1185 lacrimas
1291 1142 1422 1183 habet.

458 1214 555 1254 quas
576 1207 705 1243 metus
724 1202 865 1253 abegit.
908 1214 1079 1253 namque
1102 1201 1286 1253 Neptuno
1308 1211 1422 1240 sacer
1474 1224 1477 1226 -

459 1259 610 1299 crinem
631 1259 783 1299 solutus
804 1270 922 1298 omne
943 1258 1128 1298 Laocoon
1149 1258 1276 1310 replet

361 1322 399 1355 20
458 1316 630 1356 clamore
649 1315 800 1368 vulgus.
842 1327 934 1355 mox
954 1315 1115 1355 reducta
1137 1315 1299 1366 cuspide

459 1379 616 1412 uterum
638 1373 799 1419 notavit,
819 1372 895 1412 fata
915 1372 981 1412 sed
1003 1371 1159 1412 tardant
1179 1383 1331 1419 manus,

459 1430 639 1480 ictusque
660 1428 784 1469 resilit
805 1434 844 1468 et
864 1428 963 1468 dolis
983 1428 1091 1468 addit
1111 1428 1241 1468 fidem.

459 1486 603 1526 iterum
622 1491 755 1526 tamen
777 1486 986 1525 confirmat
1005 1485 1213 1524 invalidam
1234 1496 1396 1524 manum

458 1543 613 1594 altaque
635 1542 800 1594 bipenni
821 1542 939 1581 latera
962 1546 1211 1594 pertemptat.
1253 1540 1386 1582 fremit

364 1606 402 1639 25
460 1599 611 1651 captiva
631 1598 758 1652 pubes
778 1598 900 1646 intus,
922 1603 962 1638 et
981 1599 1075 1638 ‹lum
1095 1603 1331 1646 murmurat,

462 1657 631 1696 roborea
650 1655 775 1696 moles
796 1655 919 1707 spirat
939 1655 1068 1695 alieno
1089 1661 1210 1695 metu.

461 1712 543 1753 ibat
562 1712 745 1752 iuventus
765 1718 891 1764 capta,
911 1712 1004 1751 dum
1027 1711 1184 1751 Troiam
1206 1711 1322 1764 capit,

462 1769 689 1821 bellumque
711 1774 837 1809 totum
858 1769 993 1808 fraude
1015 1767 1184 1808 ducebat
1204 1779 1316 1808 nova.

531 1838 622 1865 ecce
642 1825 715 1865 alia
738 1830 932 1865 monstra:
955 1825 1059 1865 celsa
1079 1837 1155 1876 qua
1177 1824 1360 1864 Tenedos
1378 1834 1488 1865 mare

367 1889 405 1922 30
462 1883 580 1923 dorso
602 1882 779 1934 replevit,
800 1882 949 1922 tumida
969 1886 1220 1934 consurgunt
1239 1881 1339 1922 freta

465 1939 648 1991 undaque
669 1939 834 1979 resultat
852 1939 971 1980 scissa
991 1938 1204 1990 tranquillo
1226 1937 1372 1986 minor,

466 1995 591 2047 qualis
611 1995 743 2036 silenti
765 2001 882 2036 nocte
903 2007 1106 2035 remorum
1127 2007 1250 2035 sonus

464 2052 584 2104 longe
603 2052 787 2100 refertur,
809 2064 899 2092 cum
914 2059 1101 2105 premunt
1121 2051 1262 2091 classes
1283 2062 1391 2091 mare

467 2109 706 2161 pulsumque
725 2121 898 2149 marmor
917 2108 1044 2148 abiete
1065 2107 1246 2160 imposita
1268 2107 1400 2159 gemit.

368 2172 406 2205 35
465 2166 717 2218 respicimus:
740 2177 892 2218 angues
911 2164 1078 2206 orbibus
1098 2164 1267 2216 geminis
1288 2165 1423 2204 ferunt

464 2222 512 2262 ad
533 2235 622 2262 saxa
643 2222 797 2270 fluctus,
817 2222 965 2262 tumida
987 2233 1157 2274 quorum
1178 2227 1338 2274 pectora

465 2286 570 2320 rates
589 2285 634 2319 ut
653 2279 752 2319 altae
773 2278 962 2319 lateribus
982 2290 1142 2331 spumas
1163 2284 1298 2331 agunt.
1644 2312 1646 2314 ,

466 2335 531 2376 dat
551 2336 674 2377 cauda
694 2336 883 2385 sonitum,
905 2336 1052 2376 liberae
1074 2341 1197 2388 ponto
1219 2334 1336 2375 iubae
1649 2352 1656 2375 ι

354 2445 374 2478 6
388 2444 581 2488 figurabant
596 2448 608 2489 l!
629 2450 646 2481 7
671 2449 807 2480 conieci
825 2450 962 2490 paratur
979 2447 991 2490 ΙΙ
1009 2448 1029 2481 9
1043 2445 1175 2479 firmata
1194 2446 1384 2488 Iacobeius,
1397 2443 1516 2479 durata
1528 2441 1585 2476 Bu
1616 2459 1621 2470 ‹r

262 2499 329 2522 nus
344 2489 357 2533 ΙΙ
378 2493 418 2525 10
433 2502 589 2526 recessus
606 2491 710 2526 Danai
725 2495 758 2526 et
771 2492 805 2526 in
818 2496 901 2525 voto
918 2492 945 2524 0
962 2491 974 2536 ΙΙ
995 2492 1034 2526 13
1050 2491 1118 2525 fata
1135 2493 1147 2533 ΙΙ
1172 2493 1211 2526 14
1224 2500 1322 2525 mens
1334 2499 1469 2533 semper
1477 2487 1631 2522 Autimv
1648 2522 1651 2523 ⁷

261 2537 395 2567 rensis:
416 2536 622 2571 mendatium
637 2548 771 2581 semper
782 2539 968 2572 Parisinus
981 2537 1125 2578 68421),
1140 2536 1353 2570 mendacium
1365 2535 1499 2578 reliqui
1518 2535 1524 2576 Ι
1543 2532 1627 2576 inpo
1653 2564 1661 2585 Υ
1712 2545 1713 2548 ’

262 2582 398 2613 conieci
409 2581 420 2623 ΙΙ
436 2582 476 2616 16
489 2584 752 2626 properantum
766 2582 924 2627 letusque
938 2583 1023 2615 libri
1038 2581 1115 2622 fere
1127 2592 1246 2616 omnes
1257 2581 1270 2626 fl
1282 2583 1324 2616 27
1343 2584 1379 2615 et
1390 2581 1435 2616 28
1444 2579 1580 2624 post53
1595 2587 1637 2614 σο
1708 2598 1709 2601 ¹

262 2629 321 2658 cat
331 2625 490 2669 Iahnius,
498 2631 582 2670 post
596 2630 635 2662 10
649 2638 713 2670 ego
725 2626 739 2671 fl
751 2630 791 2663 31
807 2627 992 2672 tranquillo
1007 2628 1088 2661 mari
1101 2626 1258 2672 Tolliusfl
1271 2628 1316 2662 38
1326 2628 1465 2671 pontem
1482 2627 1548 2659 aut
1571 2640 1575 2653 ε
1592 2639 1597 2651 ·
1616 2640 1620 2651 ·
1640 2638 1662 2659 ·.
1711 2641 1714 2643 *
