1728 2886
243 129 299 167 44
859 129 1061 164 PETRONII

245 250 342 296 quot
362 244 520 284 coronis
542 250 580 283 et
602 249 807 296 unguento
837 257 911 297 per
940 246 1110 286 frontem
1131 246 1171 285 in
1195 245 1331 286 oculos
1352 246 1499 287 fluente
1519 254 1653 300 praeto
1679 243 1699 273 '7'

242 301 301 340 rio
321 301 408 340 loco
439 313 481 340 se
512 301 643 353 posuit
673 301 943 353 continuoque
972 302 1106 342 vinum
1138 309 1176 342 et
1206 302 1351 355 caldam
1374 305 1566 356 poposcit.
1605 303 1697 349 de⁴

243 357 410 397 lectatus
439 358 511 396 hac
544 357 780 397 Trimalchio
809 358 1000 398 hilaritate
1031 366 1070 399 et
1099 360 1182 412 ipse
1213 359 1456 411 capaciorem
1496 362 1658 413 poposci
1670 374 1691 413 ζ

241 415 431 467 scyphum
463 414 749 466 quaesivitque,
781 416 979 467 quomodo
1009 422 1194 469 acceptus
1215 422 1329 456 esset.
1370 417 1527 457 ‘omnia'
1546 418 1693 470 inquit

242 471 462 511 ‘habuimus
492 477 650 523 praeter
678 476 738 521 te;
760 472 863 512 oculi
885 473 989 512 enim
1011 473 1087 512 mei
1108 473 1170 513 hic
1201 479 1324 512 erant.
1364 479 1404 513 et
1430 473 1697 515 mehercule

242 527 344 568 hene
366 527 450 567 fuit.
491 528 619 568 Scissa
650 528 797 568 lautum
828 530 1058 569 novendiale
1087 542 1199 570 servo
1220 542 1292 570 suo
1313 530 1464 570 misello
1495 530 1697 581 faciebat}

242 597 358 636 quem
381 590 582 623 mortuum
604 597 722 624 manu
744 586 922 632 miserat„
955 592 993 626 et
1013 592 1129 638 puto,
1160 599 1250 626 cum
1269 587 1546 628 vicensimariis
1567 599 1655 641 mag
1694 608 1697 609 ⁷

242 654 330 681 nam
362 641 587 681 mantissam
620 641 758 691 habet3
798 643 1083 695 quinquaginta
1125 644 1231 683 enim
1268 643 1439 684 millibus
1468 645 1686 686 aestimati

241 703 455 738 mortuum.
496 699 562 738 sed
595 704 725 737 tamen
758 699 925 739 suaviter
955 699 1048 748 fuit,
1087 701 1203 739 etiam
1235 701 1267 740 si
1298 701 1421 740 coacti
1451 713 1587 742 sumus
1616 702 1686 742 di-'

175 757 227 797 66
242 755 379 794 midias
409 755 591 806 potiones
620 767 739 806 super
768 756 949 796 ossucula
978 757 1062 796 eius
1091 757 1320 796 effundere!
1359 752 1518 798 ‘tamen'
1548 758 1658 811 inqui
1674 776 1684 800 ι..

241 812 475 851 Trimalchio
498 811 602 862 ‘quid
634 811 823 852 habuistis
843 813 882 852 in
906 825 1001 852 cena
1014 811 1045 852 Τ
1086 813 1238 853 ‘dicam’
1259 814 1389 865 inquit
1408 814 1455 855 ‘si
1484 820 1676 867 potuero,

242 881 333 907 nam
355 874 431 907 tam
453 868 582 908 bonae
602 869 812 908 memoriae
833 882 932 917 sum,
964 876 1007 909 ut
1035 871 1264 922 frequenter
1286 883 1429 911 nomen
1451 883 1583 912 meum
1603 872 1654 912 ob
1680 873 1686 926 J

240 925 403 965 liviscar.
442 924 650 965 habuimus
679 931 811 965 tamen
843 926 882 966 in
914 927 1041 978 primo
1072 939 1237 979 porcum
1266 928 1410 980 poculo
1441 934 1632 969 coronatu
1673 947 1686 979 .;

242 988 280 1021 et
301 982 404 1021 circa
424 981 693 1022 saviunculum
724 988 763 1022 et
792 983 934 1033 gizeria
965 984 1111 1036 optime
1142 984 1240 1023 fac-ta
1271 990 1309 1023 et
1338 990 1445 1024 certe
1475 985 1604 1025 betam
1636 999 1683 1031 ep

241 1050 382 1090 panem
403 1044 635 1091 autopyrum
657 1039 705 1078 de
725 1052 797 1079 suo
826 1039 911 1087 sibi,
934 1052 1051 1091 quem
1082 1053 1155 1092 ego
1177 1041 1277 1080 malo
1299 1053 1415 1093 quam
1446 1042 1655 1082 candidum
1676 1055 1683 1094 j

239 1101 278 1135 et
296 1095 397 1135 vires
417 1095 529 1143 facit,
561 1101 600 1134 et
619 1108 708 1135 cum
730 1108 815 1135 mea
836 1109 879 1135 re
901 1094 1048 1151 [causa]
1070 1097 1191 1146 facio,
1223 1111 1303 1137 non
1327 1098 1453 1150 ploro.
1503 1111 1666 1150 sequen
1685 1148 1688 1149 ⁷

238 1152 430 1192 ferculum
461 1152 534 1191 fuit
563 1152 745 1198 scriblita,
765 1153 901 1204 frigida
932 1159 971 1193 et
999 1166 1118 1206 super
1132 1155 1215 1193 mel
1236 1154 1389 1194 caldum
1410 1155 1586 1196 infusum
1605 1167 1653 1196 ex
1674 1166 1682 1190 ὲ

239 1208 407 1248 cellente
437 1208 668 1260 Hispanum.
726 1209 858 1261 itaque
888 1210 935 1250 de
964 1210 1138 1250 scriblita
1168 1211 1323 1262 quidem
1355 1224 1437 1251 non
1467 1212 1631 1253 minimu

239 1265 314 1313 edi,
336 1265 383 1304 de
406 1265 519 1305 melle
541 1278 603 1305 me
623 1278 748 1318 usque
768 1266 890 1318 tetigi.
930 1267 1033 1307 circa
1055 1267 1160 1307 cicer
1180 1274 1218 1307 et
1238 1268 1440 1320 lupinum,
1461 1269 1591 1309 calvae
1607 1278 1654 1309 ar
1671 1275 1685 1323 ζ

207 1357 211 1360 .
238 1321 384 1361 bitratu
405 1327 445 1361 et
463 1322 561 1362 mala
583 1322 748 1374 singula.
786 1335 857 1375 ego
878 1329 1011 1363 tamen
1033 1324 1111 1363 duo
1132 1325 1271 1364 sustuli
1303 1331 1341 1364 et
1370 1337 1462 1365 ecce
1494 1326 1534 1366 in
1564 1337 1646 1365 ma
1675 1347 1678 1350 -

238 1390 287 1430 pa
309 1378 460 1430 alligata
481 1379 630 1428 habeo;
662 1391 751 1419 nam
773 1380 805 1419 si
827 1380 972 1432 aliquid
995 1381 1170 1420 muneris
1190 1394 1278 1421 meo
1300 1382 1485 1422 vernulae
1507 1394 1587 1422 non
1608 1388 1651 1422 tu
1673 1394 1678 1415 f

237 1435 341 1482 lero,
382 1435 535 1475 habebo
567 1436 800 1476 convicium
863 1436 966 1477 bene
996 1450 1059 1477 me
1089 1438 1275 1478 admonet
1304 1439 1462 1478 domina
1493 1451 1591 1479 mea.
1630 1439 1675 1479 i
1710 1475 1711 1478 ,

237 1498 447 1543 prospectu
478 1492 688 1532 habuimus
718 1493 875 1532 ursinae
905 1495 1097 1542 frustum,
1133 1494 1181 1534 de
1212 1507 1291 1546 quo
1321 1507 1412 1535 cum
1442 1495 1666 1548 impruden

238 1547 415 1588 Scintilla
436 1554 651 1600 gustasset,
681 1561 808 1613 paene
829 1550 1015 1590 intestina
1034 1563 1103 1590 sua
1123 1552 1283 1591 vomuit.
1333 1563 1406 1604 ego
1426 1558 1564 1592 contra
1583 1552 1666 1605 plu:

236 1605 374 1644 libram
397 1605 562 1654 comedi,
594 1618 685 1645 nam
706 1606 834 1658 ipsum
855 1619 993 1658 aprum
1015 1607 1201 1659 sapiebat.
1244 1613 1282 1648 et
1311 1609 1363 1657 si,
1394 1609 1586 1661 inquam,-
1606 1621 1655 1649 ur
1706 1624 1708 1640 τ

237 1674 303 1702 sus
323 1661 631 1702 homuncionem
654 1669 822 1710 comest,
854 1669 1002 1715 quanto
1023 1664 1144 1716 magis
1163 1665 1377 1705 homuncio
1398 1665 1516 1706 debet
1533 1677 1630 1706 ursu
1673 1671 1675 1674 ’

238 1717 444 1758 comesse?
474 1719 515 1758 in
546 1731 698 1759 summo
729 1720 938 1760 habuimus
969 1733 1125 1761 caseum
1156 1722 1314 1761 mollem
1343 1735 1390 1762 ex
1420 1734 1514 1774 sapa
1535 1727 1576 1763 et
1602 1734 1649 1763 co

238 1774 340 1814 cleas
369 1775 543 1827 singulas
573 1782 612 1815 et
642 1777 784 1815 cordae
814 1778 938 1816 frusta
970 1783 1008 1817 et
1038 1778 1193 1830 hepatia
1223 1779 1263 1818 in
1286 1779 1424 1819 catillis
1446 1785 1485 1819 et
1505 1790 1575 1819 ova
1596 1779 1652 1832 pil
1706 1786 1711 1832 ῑ

236 1832 335 1871 leata
356 1837 394 1871 et
413 1844 548 1884 rapam
570 1838 609 1872 et
628 1845 774 1884 senape
794 1839 832 1872 et
851 1833 1023 1873 catillum
1046 1841 1314 1882 concacatum,
1336 1848 1411 1888 pax
1432 1835 1673 1876 Palamedes
1706 1833 1712 1890 ξ

237 1888 353 1928 etiam
374 1889 414 1928 in
445 1889 551 1928 alveo
574 1889 798 1929 circumlata
828 1896 922 1930 sunt
951 1891 1201 1943 oxycomina,
1233 1893 1338 1932 unde
1367 1892 1525 1944 quidam
1556 1891 1630 1933 etia
1671 1931 1673 1934 ,
1706 1886 1711 1918 i

237 1945 417 1997 improbe
437 1951 573 1985 ternos
594 1958 750 1998 pugnos
770 1947 1026 1987 sustulerunt.
1068 1960 1158 1987 nam
1187 1960 1333 2000 pernae
1354 1949 1581 1990 missionem
1599 1949 1641 1989 d

172 2003 223 2042 67
238 2002 378 2042 dimus.
419 2002 488 2042 sed
510 2014 625 2042 narra
647 2003 760 2051 mihi,
793 2003 874 2051 Gai,
896 2016 1007 2054 rogo,
1031 2004 1243 2044 Fortunata
1265 2017 1388 2057 quare
1409 2019 1490 2046 non
1512 2016 1648 2047 recum

238 2057 336 2098 bit‘?'
376 2060 588 2110 ‘quomodo
612 2059 726 2099 nosti’
756 2060 886 2112 inquit
915 2061 1045 2100 ‘illam’
1076 2061 1311 2102 Trimalchio
1342 2063 1432 2103 ‘nisi
1461 2069 1627 2115 argentu
1652 2080 1672 2099 ι

238 2116 522 2167 composuerit,
545 2116 618 2156 nisi
639 2116 824 2168 reliquias
852 2117 986 2168 pueris
1015 2117 1206 2166 diviserit,
1238 2131 1377 2170 aquam
1408 2119 1448 2159 in
1479 2133 1524 2160 os
1553 2119 1671 2160 'suun‘

238 2185 319 2211 non
352 2172 546 2212 coniciet.'
606 2173 738 2225 ‘atqui'
769 2174 973 2226 respondit
1002 2174 1203 2215 Habinnas
1233 2176 1321 2215 ‘nisi
1351 2175 1415 2215 illa
1445 2176 1639 2217 discum
1666 2209 1674 2220 η,
1707 2197 1711 2230 3

237 2241 310 2281 ego
332 2241 394 2268 me
414 2229 593 2281 apoculo’
624 2236 664 2270 et
683 2237 866 2282 coeperat
885 2243 1071 2283 surgere,
1103 2232 1178 2271 nisi
1209 2232 1322 2284 signo
1343 2233 1432 2272 dato
1454 2233 1627 2274 Fortuna
1654 2250 1658 2268 ι
1706 2230 1711 2255 ’“

236 2292 375 2336 quater
405 2286 572 2338 amplius
602 2298 622 2325 a
652 2292 733 2326 tota
755 2287 897 2326 familia
927 2294 1029 2328 esset
1059 2294 1204 2328 vocata.
1245 2289 1350 2329 venit
1381 2301 1476 2341 ergo
1506 2290 1670 2342 galbin·

236 2343 435 2382 succincta
456 2343 637 2395 cingillo,
668 2343 720 2383 ita
749 2349 792 2383 ut
821 2344 923 2384 infra
953 2345 1129 2384 cerasina
1158 2351 1365 2398 appareret
1385 2346 1516 2386 tunica
1538 2352 1578 2388 et
1596 2356 1642 2399 p·-

237 2398 436 2440 riscelides
474 2405 597 2439 tortae
626 2400 930 2453 phaecasiaeque
959 2402 1171 2442 inauratae.
1215 2408 1312 2442 tunc
1342 2403 1499 2443 sudario
1527 2414 1659 2444 manu

351 2545 371 2577 6
395 2543 528 2577 laucum
555 2545 790 2579 novendialem
809 2545 821 2590 u
842 2547 882 2581 13
916 2546 1035 2580 botulo
1059 2547 1130 2580 Iac.
1159 2547 1388 2591 Gronoviusfl
1409 2549 1450 2582 14
1478 2556 1650 2582 saueuncu

237 2587 307 2666 ign
329 2587 334 2630 Ι
354 2587 508 2667 forltasse
525 2594 559 2623 et
576 2590 663 2624 circa
681 2590 693 2636 ΙΙ
714 2592 755 2625 16
772 2592 865 2625 vices
883 2591 895 2635 ΙΙ
913 2593 954 2626 27
973 2595 1008 2626 et
1023 2601 1104 2635 sapa
1123 2591 1135 2636 ΙΙ
1152 2593 1194 2628 31
1214 2593 1411 2637 improbiter
1435 2602 1498 2627 nos
1513 2599 1649 2663 paguo

305 2643 409 2677 apoca
427 2645 447 2667 o
