1728 2886
685 121 871 157 PRIAPEA
1401 124 1421 162 1
1429 122 1482 162 39

212 235 300 286 quis
320 235 515 276 Bacchum
537 236 671 289 gracili
691 243 836 277 vestem
857 238 1279 293 praetendereqthyrsm

261 292 347 343 quis
366 298 405 332 te
426 293 547 332 celata
567 305 656 333 cum
678 293 761 333 face
782 294 887 342 vidit,
908 293 1059 334 Amor?

213 360 288 387 nec
308 349 401 388 mihi
422 349 472 389 sit
491 349 655 397 crimen,
677 349 783 400 quod
803 350 975 390 mentula
996 363 1151 404 semper
1171 359 1304 405 aperta
1330 357 1407 393 est:

262 404 337 444 hoc
359 405 450 446 mihi
470 405 502 446 si
522 405 642 446 telum
664 405 774 451 desit,
796 406 956 447 inermis
977 419 1057 446 ero.

208 572 466 612 Insulsissima
488 573 578 625 quid
600 573 728 626 puella
748 573 880 615 rides?

210 641 291 668 non
312 641 374 668 me
395 629 608 670 Praxiteles
624 630 818 683 Scopasve
838 632 942 679 fecit,

208 697 283 724 nec
303 697 390 725 sum
404 685 585 726 Phidiaca
605 699 723 727 manu
745 687 910 740 politus;

209 742 277 782 sed
299 741 449 793 lignum
470 743 567 783 rude
587 743 722 784 vilicus
742 744 895 790 dolavit,

212 804 250 837 et
270 798 364 838 dixit
383 798 496 839 mihi:
529 804 585 839 ‘tu
605 800 770 852 Priapus
791 801 900 841 esto’.
1412 810 1430 842 5

209 861 362 906 spectas
381 867 443 895 me
463 861 594 896 tamen
611 862 650 896 et
669 857 836 897 subinde
858 858 980 898 rides:

212 911 396 951 nimirum
418 911 487 952 tibi
508 913 607 954 salsa
629 925 692 953 res
712 914 865 954 videtur

209 968 366 1007 adstans
386 968 614 1021 inguinibus
634 969 817 1010 columna
839 970 996 1011 nostris.

207 1135 264 1176 Ne
285 1137 492 1189 prendare‚
515 1150 618 1177 cave.
663 1151 808 1191 prenso
832 1151 906 1179 nec
926 1140 1029 1179 fuste
1050 1139 1216 1189 nocebo,

261 1205 372 1233 saeva
393 1206 467 1234 nec
486 1194 646 1235 incurva
666 1196 826 1236 vulnera
846 1195 943 1235 falce
964 1195 1084 1236 dabo:

210 1250 395 1290 traiectus
415 1257 533 1290 conto
554 1251 610 1291 sic
631 1253 842 1293 extendere
863 1252 1002 1305 pedali,

261 1312 304 1346 ut
324 1307 454 1347 culum
476 1319 614 1360 rugam
635 1321 716 1349 non
738 1308 920 1350 habuisse
940 1315 1067 1361 putes.

737 1409 808 1449 XII

211 1475 407 1521 Quaedam
427 1477 560 1517 iunior
580 1477 759 1517 Hectoris
779 1484 956 1529 parente,

211 1531 400 1572 Cumaeae
420 1545 543 1582 soror,
567 1539 611 1573 ut
630 1541 741 1586 puto,
764 1534 944 1587 Sibyllae,

211 1589 382 1640 aequalis
402 1589 489 1639 tibi,
506 1602 623 1642 quam
640 1591 800 1630 domum
815 1597 1015 1631 revertens

211 1644 386 1686 Theseus
405 1647 578 1699 repperit
599 1647 638 1686 in
660 1659 757 1700 rogo
779 1647 983 1695 iacentem,

211 1701 366 1741 infirmo
388 1702 487 1743 solet
506 1703 584 1743 huc
603 1704 727 1756 gradu
747 1703 881 1744 venire
1413 1711 1432 1744 5

211 1770 453 1811 rugosasque
475 1771 614 1800 manus
633 1761 680 1800 ad
701 1765 803 1801 astra
822 1760 978 1806 tollens,

208 1827 258 1854 ne
279 1815 379 1855 desit
398 1816 484 1864 sibi,
506 1816 718 1857 mentulam
739 1829 891 1869 rogare.

210 1871 394 1911 hesterna
416 1885 574 1924 quoque
594 1873 681 1914 luce
702 1874 793 1913 dum
815 1879 1011 1926 precatur,

211 1927 367 1968 dentem
389 1929 436 1969 de
457 1929 583 1970 tribus
604 1930 797 1970 excreavit
815 1942 952 1970 unum.

212 1984 331 2024 ‘tolle'
351 1986 510 2037 inquam
533 1987 685 2039 ‘procul
706 1999 750 2026 ac
772 1986 861 2027 iube
882 1986 1000 2026 latere
1397 1993 1433 2027 10

213 2041 332 2082 scissa
352 2041 426 2082 sub
447 2043 579 2083 tunica
600 2043 778 2095 stolaque
798 2043 898 2090 rufa,

213 2103 258 2137 ut
276 2110 431 2150 semper
450 2099 561 2148 solet,
584 2106 622 2139 et
640 2100 778 2140 timere
799 2100 939 2147 lucem,

213 2154 280 2205 qui
300 2161 410 2195 tanto
430 2161 537 2207 patet
555 2156 743 2197 indecens
763 2156 884 2204 hiatu,

212 2209 373 2251 barbato
395 2224 524 2252 macer
544 2213 742 2253 eminente
763 2225 871 2260 naSO,

214 2273 258 2306 ut
278 2268 413 2309 credas
433 2268 633 2322 Epicuron
656 2269 836 2310 oscitari’.
1396 2274 1433 2307 15

728 2369 817 2410 Xlll

218 2434 423 2476 Percidere
446 2449 557 2490 puer,
580 2449 743 2477 moneo:
764 2438 920 2477 sutuere
941 2436 1088 2489 puella:

267 2490 474 2534 barbatum
494 2495 619 2534 furem
641 2493 753 2534 tertia
773 2505 902 2546 poena
922 2499 1064 2533 manet.

178 2578 221 2614 Xl
247 2582 260 2614 1
292 2590 449 2624 prensare
470 2581 476 2626 Ι
497 2583 518 2616 4
541 2592 578 2616 ru
605 2591 642 2616 as
667 2581 733 2615 alii
756 2582 768 2625 ΙΙ
786 2580 842 2615 Xll
869 2583 886 2617 1
913 2581 1001 2615 haud
1025 2582 1135 2615 iunior
1159 2582 1333 2623 Heinsius,
1362 2580 1488 2625 turpior

68 2622 216 2658 Iahnius
237 2628 242 2668 1
263 2626 283 2660 8
309 2630 407 2660 nocte
432 2628 568 2660 conieci
582 2626 588 2672 Ι
613 2626 683 2660 Xlll
710 2630 725 2661 1
754 2626 924 2670 precidere
