1780 2892
707 155 890 190 SATIRAE
1452 154 1502 192 17

45 275 75 311 L
88 270 250 324 positus.
270 269 364 310 iussi
380 282 472 322 ergo
488 268 765 318 discubuimus,
787 275 825 309 et
844 270 1063 320 gustatione
1083 269 1246 309 mirifica
1260 269 1398 309 initiati
1414 269 1505 310 vino

90 327 203 367 etiam
219 326 384 366 Falerno
401 326 648 366 inundamur.
680 326 831 377 excepti
847 326 960 365 etiam
976 326 1155 378 pluribus
1172 326 1327 366 ferculis
1344 338 1432 365 cum
1449 326 1506 365 la-

89 383 274 423 beremur
291 383 330 422 in
353 395 545 430 somnum,
566 381 683 421 ‘itane
705 380 804 421 est?'
834 382 964 433 inquit
979 382 1167 429 Quartilla
1188 382 1315 422 ‘etiam
1336 382 1506 422 dormire

89 439 199 479 vobis
218 439 258 479 in
278 445 409 479 mente
430 444 500 487 est,
521 450 609 478 cum
631 438 759 478 sciatis
778 438 908 490 Priapi
929 438 1044 490 genio
1066 438 1307 491 pervigilium
1329 439 1460 479 deberi
1472 437 1504 478 ‘2’

786 508 808 532 *

40 546 72 592 δ’
199 563 287 590 cum
308 551 482 603 Ascyltos
501 558 678 602 gravatus
697 556 756 590 tot
783 550 893 590 malis
913 550 953 590 in
983 562 1166 590 somnum
1195 550 1410 599 laberetur,
1440 550 1504 591 illa
1517 553 1571 593 22

90 619 190 660 quae
205 608 344 647 iniuria
361 608 518 660 depulsa
534 609 659 648 fuerat
672 607 809 647 ancilla
825 613 943 646 totam
960 607 1094 646 faeiem
1112 606 1195 647 eius
1210 607 1372 659 fuligine
1389 608 1507 659 longa

89 664 294 716 perfricuit
314 669 351 704 et
373 677 451 704 non
473 664 675 704 sentientis
695 663 800 703 labra
821 675 1055 715 umerosque
1083 663 1342 715 sopitionibus
1368 664 1505 716 pinxit.

90 720 165 759 iam
175 733 248 772 ego
261 721 373 760 etiam
390 726 448 760 tot
463 721 571 760 malis
587 721 765 772 fatigatus
780 720 982 760 minimum
993 720 1111 759 veluti
1126 726 1282 771 gustum
1298 720 1503 760 hauseram

91 777 238 825 somni3
258 776 359 816 idem
380 783 418 816 et
437 783 517 816 tota
538 777 637 816 intra
657 777 829 828 forisque
850 776 989 816 familia
1010 776 1166 823 fecerat,
1187 781 1301 828 atque
1322 776 1386 816 alii
1401 776 1505 816 circa

23 838 62 873 10
93 833 212 884 pedes
242 833 566 873 discumbentium
595 834 717 885 sparsi
755 832 951 880 iacebant,
990 832 1053 872 alii
1080 832 1292 885 parietibus
1321 833 1505 885 appliciti,

91 889 244 940 quidam
266 889 305 928 in
327 890 411 941 ipso
442 889 575 929 limine
593 889 814 929 coniunctis
842 889 1053 928 manebant
1082 889 1290 941 capitibus;
1323 889 1506 929 lucernae

91 957 248 996 quoque
268 957 405 985 umore
426 945 596 986 defectae
624 952 743 985 tenue
773 951 811 984 et
840 951 1054 987 extremum
1085 945 1217 985 lumen
1249 945 1504 997 spargebant:

90 1012 178 1040 cum
199 1001 275 1040 duo
293 1001 377 1053 Syri
398 1002 602 1053 expilaturi
624 998 857 1056 [lagoenam]
879 1001 1092 1040 triclinium
1113 1002 1370 1049 intraverunt,
1392 1003 1505 1042 dum-

91 1069 167 1108 que
187 1057 290 1096 inter
309 1064 513 1109 argentum
533 1058 677 1098 avidius
697 1058 896 1105 rixantur,
926 1057 1120 1097 diductam
1151 1059 1354 1110 fregerunt
1374 1059 1505 1111 lagoe-

25 1119 62 1154 15
90 1125 192 1152 nam.
223 1114 356 1153 cecidit
379 1114 491 1154 etiam
513 1126 647 1154 mensa
667 1126 754 1154 cum
776 1119 959 1166 argento,
989 1119 1027 1153 et
1055 1114 1216 1154 ancillae
1236 1126 1355 1166 super
1373 1120 1505 1155 torum

89 1170 299 1210 marcentis
319 1182 523 1210 excussum
545 1171 645 1210 forte
665 1170 778 1211 altius
798 1170 982 1222 poculum
1003 1176 1119 1222 caput
1148 1170 1285 1222 tetigit.
1321 1171 1367 1210 ad
1389 1183 1506 1223 quem

89 1226 208 1265 ictum
224 1226 445 1266 exclamavit
464 1227 526 1266 illa
546 1227 769 1279 pariterque
790 1233 829 1266 et
848 1227 953 1266 fures
973 1226 1143 1279 prodidit
1157 1233 1196 1266 et
1209 1231 1361 1279 partem
1376 1228 1506 1268 ebrio-

89 1293 177 1322 rum
200 1282 385 1322 excitavit.
426 1283 512 1335 Syri
533 1283 586 1323 illi
608 1283 675 1335 qui
694 1288 882 1323 venerant
902 1283 948 1322 ad
969 1283 1172 1334 praedam,
1202 1289 1408 1335 postquam
1437 1284 1505 1324 de-

90 1338 305 1390 prehensos
320 1351 360 1378 se
377 1339 665 1389 intellexerunt,
680 1340 827 1392 pariter
842 1341 1056 1379 secundum
1073 1340 1217 1380 lectum
1235 1340 1505 1389 conciderunt,

24 1399 63 1434 m
89 1399 132 1434 ut
151 1400 306 1446 putares
326 1395 400 1435 hoc
421 1396 669 1445 convenisse,
697 1402 736 1436 et
765 1402 929 1436 stertere
949 1402 1133 1448 tanquam
1155 1396 1245 1436 olim
1267 1397 1505 1438 dormientes

91 1457 318 1502 coeperunt.

202 1507 276 1546 iam
292 1514 330 1547 et
345 1508 627 1548 tricliniarches
641 1515 891 1561 experrectus
903 1508 1073 1548 lucernis
1090 1508 1358 1549 occidentibus
1374 1509 1503 1549 oleum

90 1563 296 1612 infuderat,
318 1570 357 1603 et
378 1565 490 1616 pueri
510 1565 674 1605 detersis
694 1565 891 1617 paulisper
907 1565 1029 1605 oculis
1045 1564 1241 1604 redierant
1260 1566 1305 1605 ad
1328 1565 1503 1606 ministe-

31 1647 34 1651 -
89 1619 203 1668 rium,
233 1632 322 1659 cum
343 1620 493 1660 intrans
513 1621 770 1673 cymbalistria
791 1627 829 1661 et
855 1633 1098 1673 concrepans
1118 1633 1207 1660 aera
1237 1634 1373 1662 omnes
1403 1623 1507 1662 exci-

23 1681 60 1715 25
88 1675 191 1715 tavit.
230 1677 417 1716 refectum
447 1677 565 1729 igitur
594 1684 652 1718 est
681 1677 897 1718 convivium
928 1684 967 1717 et
995 1690 1130 1718 rursus
1151 1677 1337 1724 Quartilla
1368 1679 1413 1719 ad
1444 1678 1504 1718 bi·
1518 1679 1572 1722 23

91 1731 261 1771 bendum
292 1734 493 1773 revocavit.
543 1735 685 1774 adiuvit
712 1734 943 1774 hilaritatem
973 1733 1216 1774 comissantis
1247 1734 1506 1787 cymbalistria

784 1805 805 1828 *

200 1843 319 1883 intrat
339 1845 546 1892 cinaedus,
577 1846 693 1886 homo
725 1846 898 1886 omnium
929 1846 1209 1886 insulsissimus
1239 1851 1277 1885 et
1306 1846 1421 1898 plane
1442 1846 1504 1886 illa

90 1899 203 1939 domo
223 1900 385 1950 dignus,
407 1901 472 1952 qui
494 1907 536 1941 ut
555 1902 730 1942 infractis
751 1903 931 1942 manibus
951 1902 1188 1954 congemuit,
1210 1902 1400 1942 eiusmodi
1420 1915 1506 1943 car-

92 1955 194 1995 mina
214 1955 369 1996 effudit:

23 2017 63 2051 ω
291 2012 382 2052 ‘huc
401 2013 479 2052 huc
500 2015 568 2054 cito
591 2015 797 2054 convenite
819 2026 939 2062 nunc,
960 2014 1273 2067 spatalocinaedi,

289 2069 387 2120 pede
407 2069 566 2116 tendite,
588 2082 746 2110 cursum
767 2071 904 2118 addite,
927 2071 1127 2111 convolate
1146 2071 1278 2122 planta

290 2126 508 2178 femoreque
526 2126 640 2174 facili,
661 2127 777 2167 clune
799 2127 887 2179 agili
908 2133 946 2167 et
966 2139 1082 2167 manu
1104 2139 1301 2179 procaces,

290 2181 438 2230 molles,
459 2188 622 2230 veteres,
645 2183 787 2223 Deliaci
809 2196 928 2223 manu
947 2184 1087 2224 recisi.'

92 2238 333 2289 consumptis
362 2237 533 2278 versibus
553 2239 633 2280 suis
652 2239 960 2280 immundissimo
982 2253 1042 2280 me
1064 2240 1170 2280 basio
1191 2240 1385 2292 conspuit.
1416 2253 1508 2280 mox

12 2297 65 2333 ³85
91 2299 130 2332 et
147 2304 265 2345 super
284 2293 426 2333 lectum
458 2295 560 2334 venit
588 2301 704 2347 atque
734 2297 838 2336 omni
859 2297 895 2336 vi
916 2297 1060 2336 detexit
1089 2303 1348 2336 recusantem.
1387 2309 1508 2349 super

92 2348 250 2401 inguina
285 2362 369 2390 mea
404 2350 467 2390 diu
502 2351 744 2404 multumque
779 2354 921 2394 frustra
955 2353 1104 2393 moluit.
1155 2353 1403 2405 profluebant
1436 2365 1509 2406 per

207 2463 223 2496 1
249 2462 380 2495 invitati
413 2462 591 2507 Iahniusss
618 2464 638 2496 6
671 2463 788 2497 iniuria
819 2463 958 2506 depulsa
992 2464 1083 2497 male
1108 2466 1265 2497 breviata
1295 2466 1463 2499 videnlur
1495 2465 1501 2510 Ι

92 2504 184 2550 larga
218 2506 500 2549 lunga-mannus
527 2507 540 2551 11
569 2510 586 2542 7
622 2508 819 2552 sopionibus
853 2510 936 2542 libri
967 2510 1099 2543 Catulli
1126 2510 1190 2551 37,
1222 2510 1274 2544 10.
1307 2511 1507 2555 ropionibus

93 2550 255 2584 Hertzius
278 2553 291 2594 ΙΙ
316 2554 354 2586 11
392 2552 585 2586 marcebant
611 2552 850 2587 Tornaeeiana
869 2554 880 2597 ΙΙ
901 2555 940 2589 16
978 2555 1076 2597 fregit
1101 2554 1113 2599 ΙΙ
1137 2556 1180 2589 20
1203 2559 1411 2598 expectatur
1447 2566 1507 2590 eos

94 2596 254 2630 convivas
278 2606 353 2630 esse
378 2600 442 2630 aue
456 2597 631 2631 nobiscum
648 2599 784 2633 venisse
802 2599 815 2643 11
832 2600 874 2633 26
898 2599 1052 2639 fortasse
1067 2600 1318 2644 cymbalistriae
1343 2604 1475 2643 [cantus
1490 2601 1503 2645 11

95 2641 138 2675 28
162 2642 356 2684 concrepuit
379 2642 524 2675 Iahnius
539 2642 553 2686 11
569 2643 611 2677 33
636 2653 777 2678 veneres
801 2646 937 2678 conieci
953 2644 965 2688 ΙΙ
984 2647 1026 2680 36
1051 2645 1262 2690 perfluebant

162 2695 292 2725 Petronii
310 2698 417 2725 saurae
439 2697 485 2726 ed.
505 2697 555 2726 111.
1214 2703 1234 2735 2
