1728 2886
198 149 277 189 180
785 151 1006 188 VARRONIS

106 328 161 362 170
463 323 539 363 tela
562 323 695 364 dextra
717 322 884 373 vibrant,
905 327 1016 365 missa
1037 325 1171 377 sagula
1190 325 1374 373 emicant,

467 386 584 432 atque
605 383 647 420 in
668 380 892 433 insignibus
913 381 1046 422 Martis
1065 388 1229 434 torquae
1252 394 1405 433 aureae,

464 443 574 476 scuta
596 437 739 477 caelata
763 437 939 478 Hiberon
962 444 1126 491 argento
1147 439 1253 491 gravi

466 493 603 533 crebra
625 494 779 547 fulgent

854 550 906 590 111
928 551 986 601 (1)

107 610 163 644 171
466 609 588 659 teges,
609 607 750 660 pruina
774 610 824 648 ne
846 607 1040 648 iacentem
1062 607 1206 649 snbdiu

467 663 622 704 dealbet
644 664 732 716 algu
754 663 976 704 candicanti
999 665 1146 717 frigore

104 793 161 826 172
285 844 298 884 l
332 787 489 851 sapiens
519 795 558 828 et
587 788 735 828 bonum
766 731 1030 840 ferrglllidtlgst
1064 789 1216 829 modice
1247 795 1285 830 et
1314 790 1456 830 malum
1478 789 1633 830 sortiter

198 849 265 884 aut
301 850 422 884 eviter

782 924 881 958 ΕΩΣ
905 924 1046 958 ΠΟΤΕ

754 991 783 1013 π
797 991 814 1012 ε
831 992 851 1024 ρ
870 981 882 1012 ἱ
922 975 953 1013 ὦ
964 992 984 1025 ρ
1001 979 1033 1013 ὦ
1045 992 1068 1012 ν

867 1037 884 1077 Ι
905 1038 963 1089 (2)

114 1099 170 1133 173
470 1097 551 1133 non
574 1107 690 1147 posse
712 1100 840 1134 ostrea
862 1107 903 1134 se
924 1095 1071 1134 Romae
1093 1094 1284 1147 praebere
1306 1100 1344 1135 et
1365 1093 1528 1135 echinos

112 1225 168 1259 174
338 1217 437 1256 vitae
459 1230 617 1258 cursum
649 1224 693 1258 ut
714 1231 955 1271 cognoscere
976 1231 1131 1271 possem
1148 1251 1158 1269 ‚
1189 1225 1227 1259 et
1257 1231 1357 1271 quae
1377 1219 1575 1260 servitutis
1596 1224 1635 1259 et
1686 1220 1708 1276 [³.

197 1273 388 1315 libertatis
409 1273 459 1314 ab
482 1274 634 1327 origine
656 1275 702 1315 ad
725 1276 907 1316 exodium
932 1277 1120 1316 adductae
1690 1280 1691 1283 ’

777 1387 1067 1421 FLAXTABVLA

731 1445 839 1489 περὶ
873 1444 1109 1489 ἐπαρχιῶν

871 1501 886 1539 l
908 1501 966 1552 (6)
1699 1532 1710 1542 ,

110 1565 165 1598 175
339 1567 470 1608 quare,
494 1569 516 1595 o
539 1556 688 1605 Marce,
719 1569 908 1610 pransum
931 1571 974 1598 ac
995 1565 1173 1612 paratum
1196 1571 1280 1599 esse
1301 1565 1340 1598 te
1361 1558 1436 1598 hoc
1457 1557 1634 1598 minumo

195 1619 353 1667 oportet

862 1671 897 1710 ΙΙ
917 1671 975 1722 (2)

112 1735 168 1768 176
339 1726 451 1766 multi
474 1726 578 1766 enim
601 1727 667 1779 qui
690 1727 824 1767 limina
845 1728 1045 1768 intrarunt
1065 1728 1230 1780 integris
1251 1727 1396 1776 oculis,
1426 1727 1635 1769 strabones

198 1789 292 1824 sunt
320 1783 434 1831 sacti3
471 1783 588 1823 habet
617 1783 801 1836 quiddam
839 1785 944 1825 enim
980 1782 1231 1827 ἑλκυστικόν
1266 1784 1515 1838 provincialis
1551 1786 1636 1825 for·
1686 1815 1694 1834 „

197 1840 378 1880 monsula
398 1852 499 1880 uxor
1691 1843 1692 1846 ’

854 1897 907 1937 111
929 1898 985 1948 (5)
1693 1928 1695 1931 -

110 1962 166 1995 177
338 1966 411 1993 nec
433 1953 608 1993 dolorem
646 1946 896 2010 ἀδιάφορον
926 1967 1031 2003 3333,
1069 1955 1174 2008 quod
1195 1954 1442 2008 philosophia
1462 1967 1635 1995 comma·
1684 1975 1688 1978 ·

198 2010 366 2050 laxarem
386 2022 430 2050 ea
446 2007 593 2066 πάθη,
617 2023 746 2062 neque
768 2011 866 2051 irato
884 2012 978 2051 mihi
995 2011 1168 2052 habenas
1184 2011 1271 2051 dedi
1291 2023 1487 2064 umquam,
1505 2023 1634 2064 neque
1680 2051 1690 2065 ‚

198 2067 399 2121 cupiditati
423 2079 502 2106 non
526 2067 695 2119 imposui
717 2068 853 2109 frenos

313 2168 376 2200 170
401 2165 446 2200 N.
467 2178 504 2210 p.
530 2168 596 2202 228
621 2170 778 2212 torquem
805 2167 810 2210 Ι
839 2167 982 2202 111333113
1009 2168 1156 2202 emicant
1183 2168 1188 2210 Ι
1217 2170 1367 2213 torques,
1390 2167 1453 2201 sed
1475 2170 1634 2212 torqueas
1685 2184 1687 2186 ·

199 2221 318 2245 aureas
345 2215 378 2245 et
398 2223 486 2255 pars
511 2213 684 2247 codicum.
724 2214 876 2247 antehae
901 2214 1080 2247 edideram
1097 2212 1227 2247 Martiis
1252 2216 1388 2247 torcues
1412 2223 1502 2256 quae
1523 2215 1636 2257 sem‘p-

200 2260 282 2290 tura
307 2268 346 2290 eo
373 2259 490 2291 minus
509 2259 710 2302 probabilis
734 2262 785 2292 est
810 2259 907 2302 quod
928 2261 980 2292 sic
1004 2270 1076 2292 non
1107 2259 1189 2292 licet
1220 2259 1335 2292 dividi
1358 2269 1502 2293 carmen
1525 2260 1636 2292 tetra·
1682 2281 1683 2284 κ
1722 2267 1723 2270 ’

195 2304 329 2336 metris.
381 2305 543 2337 extitisse
579 2303 662 2337 olim
687 2307 806 2349 toi-qua
833 2315 960 2338 nomen
984 2305 1042 2338 vel
1073 2307 1252 2349 torquatus
1278 2304 1431 2338 ostendit
1461 2303 1467 2349 Ι
1493 2302 1634 2338 Hibero:
1675 2321 1679 2324 -

195 2349 301 2390 prtus
322 2358 513 2391 posueram
531 2348 728 2383 Hiberorum
747 2349 760 2394 ΙΙ
780 2352 842 2385 171
861 2349 906 2383 Ν.
918 2361 956 2394 p.
975 2352 1018 2384 72
1043 2349 1123 2394 algu
1144 2354 1149 2393 Ι
1169 2350 1264 2394 leges
1288 2350 1384 2383 ruina
1405 2349 1411 2393 Ι
1431 2348 1635 2384 subdealbet

196 2394 264 2433 (vel
301 2393 527 2437 subdeabbet)
552 2394 727 2438 algudanti
762 2395 905 2439 frigore:
939 2406 1007 2439 pro
1044 2396 1158 2429 iambo
1194 2395 1252 2429 diu
1282 2393 1462 2435 Afranius
1497 2404 1636 2438 quoque

195 2448 303 2470 versu
329 2438 394 2473 105
420 2439 458 2473 R.
483 2440 643 2484 eoetulitss
664 2441 726 2476 172
751 2440 796 2475 N.
816 2451 854 2484 p.
880 2443 946 2476 342
971 2440 1139 2475 modicum
1676 2460 1678 2462 ·

277 2494 279 2496 ’
316 2485 377 2518 173
403 2484 447 2518 Ν.
468 2497 505 2529 p.
531 2487 597 2520 216
622 2490 736 2520 ostrea
763 2486 777 2531 ΙΙ
808 2488 873 2522 174
903 2486 948 2521 Ν.
977 2497 1014 2529 p.
1041 2488 1081 2521 27
1115 2484 1273 2520 exodium
1308 2484 1314 2530 Ι
1346 2488 1380 2520 31
1404 2486 1505 2530 quae]
1521 2484 1635 2518 deesse

198 2529 341 2561 videtur
364 2530 470 2564 series

315 2576 377 2608 175
403 2575 447 2610 Ν.
471 2587 507 2619 p.
524 2577 591 2611 458
618 2577 730 2620 pransi
752 2577 756 2619 Ι
778 2579 869 2611 33331
893 2576 958 2611 hoc
976 2587 1103 2617 omnes,
1126 2574 1275 2609 minume
1301 2575 1406 2609 multi
1427 2573 1534 2612 libri:
1557 2584 1635 2610 esse
1668 2608 1683 2617 ,

198 2618 369 2652 hominem
395 2621 567 2665 Lipsius-{1
588 2623 651 2656 176
675 2621 719 2655 Ν.
739 2632 777 2665 p.
791 2624 832 2656 27
859 2622 1038 2656 strabones
1056 2621 1069 2667 ΙΙ
1087 2623 1149 2657 177
1174 2619 1219 2654 Ν.
1243 2631 1277 2664 p.
1293 2621 1334 2655 82
1359 2619 1632 2666 commalaxarel
1672 2647 1676 2650 ,

195 2673 234 2698 ea
259 2666 389 2707 patrem
411 2670 417 2705 Ι
437 2667 606 2711 cupiditas
630 2678 698 2702 non
722 2667 890 2711 imposuit
1677 2670 1680 2677 ’
