<?xml version="1.0" encoding="UTF-8"?>
<!DOCTYPE html PUBLIC "-//W3C//DTD XHTML 1.0 Transitional//EN"
    "http://www.w3.org/TR/xhtml1/DTD/xhtml1-transitional.dtd">
<html xmlns="http://www.w3.org/1999/xhtml" xml:lang="en" lang="en">
 <head>
  <title>
</title>
<meta http-equiv="Content-Type" content="text/html;charset=utf-8" />
  <meta name='ocr-system' content='tesseract 3.04.00' />
  <meta name='ocr-capabilities' content='ocr_page ocr_carea ocr_par ocr_line ocrx_word'/>
</head>
<body>
  <div class='ocr_page' id='page_1' title='image "./satiraeetliberpr00petruoft_0243.png"; bbox 0 0 1728 2886; ppageno 0'>
   <div class='ocr_carea' id='block_1_1' title="bbox 0 0 46 2886">
    <p class='ocr_par' dir='ltr' id='par_1_1' title="bbox 0 0 46 2886">
     <span class='ocr_line' id='line_1_1' title="bbox 0 0 46 2886; baseline 0 0"><span class='ocrx_word' id='word_1_1' title='bbox 0 0 46 2886; x_wconf 95' lang='lat' dir='ltr'><strong> </strong></span> 
     </span>
    </p>
   </div>
   <div class='ocr_carea' id='block_1_2' title="bbox 351 553 1294 619">
    <p class='ocr_par' dir='ltr' id='par_1_2' title="bbox 351 553 1294 619">
     <span class='ocr_line' id='line_1_2' title="bbox 351 553 1294 619; baseline -0.002 -1"><span class='ocrx_word' id='word_1_2' title='bbox 351 554 649 619; x_wconf 83' lang='lat' dir='ltr'><strong>LEGES</strong></span> <span class='ocrx_word' id='word_1_3' title='bbox 696 553 1294 618; x_wconf 85' lang='lat' dir='ltr'><strong>CONVIVALES</strong></span> 
     </span>
    </p>
   </div>
   <div class='ocr_carea' id='block_1_3' title="bbox 810 723 826 762">
    <p class='ocr_par' dir='ltr' id='par_1_3' title="bbox 810 723 826 762">
     <span class='ocr_line' id='line_1_3' title="bbox 810 723 826 762; baseline 0 0"><span class='ocrx_word' id='word_1_4' title='bbox 810 723 826 762; x_wconf 93' lang='lat'><em>1</em></span> 
     </span>
    </p>
   </div>
   <div class='ocr_carea' id='block_1_4' title="bbox 110 799 1544 1755">
    <p class='ocr_par' dir='ltr' id='par_1_4' title="bbox 110 799 1541 1023">
     <span class='ocr_line' id='line_1_4' title="bbox 110 799 1534 855; baseline -0.004 -11"><span class='ocrx_word' id='word_1_5' title='bbox 110 803 244 844; x_wconf 80' lang='lat' dir='ltr'><em>Festus</em></span> <span class='ocrx_word' id='word_1_6' title='bbox 259 815 298 855; x_wconf 84' lang='lat' dir='ltr'><strong>p.</strong></span> <span class='ocrx_word' id='word_1_7' title='bbox 320 799 406 842; x_wconf 80' lang='lat'><strong>363</strong></span> <span class='ocrx_word' id='word_1_8' title='bbox 427 801 490 841; x_wconf 76' lang='lat' dir='ltr'><strong>M.-</strong></span> <span class='ocrx_word' id='word_1_9' title='bbox 513 802 727 854; x_wconf 84' lang='lat' dir='ltr'>Tappulam</span> <span class='ocrx_word' id='word_1_10' title='bbox 749 803 874 854; x_wconf 85' lang='lat' dir='ltr'><strong>legem</strong></span> <span class='ocrx_word' id='word_1_11' title='bbox 892 801 1127 842; x_wconf 80' lang='lat' dir='ltr'><strong>convivalem</strong></span> <span class='ocrx_word' id='word_1_12' title='bbox 1146 801 1236 840; x_wconf 84' lang='lat' dir='ltr'><strong>ficto</strong></span> <span class='ocrx_word' id='word_1_13' title='bbox 1256 800 1415 839; x_wconf 89' lang='lat' dir='ltr'><strong>nomine</strong></span> <span class='ocrx_word' id='word_1_14' title='bbox 1437 812 1534 839; x_wconf 91' lang='lat' dir='ltr'><strong>con-</strong></span> 
     </span>
     <span class='ocr_line' id='line_1_5' title="bbox 225 856 1536 910; baseline -0.002 -12"><span class='ocrx_word' id='word_1_15' title='bbox 225 859 382 910; x_wconf 70' lang='lat' dir='ltr'><strong>scripsit</strong></span> <span class='ocrx_word' id='word_1_16' title='bbox 401 859 534 899; x_wconf 88' lang='lat' dir='ltr'><strong>iocoso</strong></span> <span class='ocrx_word' id='word_1_17' title='bbox 557 859 730 898; x_wconf 84' lang='lat' dir='ltr'>carmine</span> <span class='ocrx_word' id='word_1_18' title='bbox 751 858 925 898; x_wconf 89' lang='lat' dir='ltr'><strong>Valerius</strong></span> <span class='ocrx_word' id='word_1_19' title='bbox 947 857 1194 904; x_wconf 80' lang='lat' dir='ltr'>Valentinus,</span> <span class='ocrx_word' id='word_1_20' title='bbox 1224 857 1334 896; x_wconf 87' lang='lat' dir='ltr'><strong>cuius</strong></span> <span class='ocrx_word' id='word_1_21' title='bbox 1358 856 1536 895; x_wconf 86' lang='lat' dir='ltr'><strong>meminit</strong></span> 
     </span>
     <span class='ocr_line' id='line_1_6' title="bbox 228 914 1541 967; baseline -0.002 -13"><span class='ocrx_word' id='word_1_22' title='bbox 228 915 400 955; x_wconf 85' lang='lat' dir='ltr'>Lucilius</span> <span class='ocrx_word' id='word_1_23' title='bbox 438 916 514 954; x_wconf 90' lang='lat' dir='ltr'><strong>hoc</strong></span> <span class='ocrx_word' id='word_1_24' title='bbox 544 916 679 955; x_wconf 91' lang='lat' dir='ltr'><strong>modo:</strong></span> <span class='ocrx_word' id='word_1_25' title='bbox 717 915 946 967; x_wconf 82' lang='lat' dir='ltr'><strong>‘Tappulam</strong></span> <span class='ocrx_word' id='word_1_26' title='bbox 986 915 1116 954; x_wconf 79' lang='lat' dir='ltr'>rident</span> <span class='ocrx_word' id='word_1_27' title='bbox 1155 914 1280 965; x_wconf 83' lang='lat' dir='ltr'><strong>legem</strong></span> <span class='ocrx_word' id='word_1_28' title='bbox 1320 925 1541 965; x_wconf 85' lang='lat' dir='ltr'><strong>congerrae</strong></span> 
     </span>
     <span class='ocr_line' id='line_1_7' title="bbox 228 971 382 1023; baseline -0.013 -11"><span class='ocrx_word' id='word_1_29' title='bbox 228 971 382 1023; x_wconf 89' lang='lat' dir='ltr'><strong>Opimi’.</strong></span> 
     </span>
    </p>

    <p class='ocr_par' dir='ltr' id='par_1_5' title="bbox 120 1025 1544 1193">
     <span class='ocr_line' id='line_1_8' title="bbox 120 1025 1544 1079; baseline -0.001 -11"><span class='ocrx_word' id='word_1_30' title='bbox 120 1028 282 1069; x_wconf 79' lang='lat' dir='ltr'><strong><em>Tabulae</em></strong></span> <span class='ocrx_word' id='word_1_31' title='bbox 312 1027 452 1068; x_wconf 64' lang='lat' dir='ltr'><strong>alienae</strong></span> <span class='ocrx_word' id='word_1_32' title='bbox 480 1028 742 1079; x_wconf 66' lang='lat' dir='ltr'><strong>fragmentum</strong></span> <span class='ocrx_word' id='word_1_33' title='bbox 778 1026 952 1067; x_wconf 77' lang='lat' dir='ltr'><em>Vercellis</em></span> <span class='ocrx_word' id='word_1_34' title='bbox 983 1029 1178 1066; x_wconf 82' lang='lat' dir='ltr'><strong>inventum</strong></span> <span class='ocrx_word' id='word_1_35' title='bbox 1209 1029 1370 1066; x_wconf 72' lang='lat' dir='ltr'><strong>incisum</strong></span> <span class='ocrx_word' id='word_1_36' title='bbox 1401 1025 1544 1066; x_wconf 68' lang='lat' dir='ltr'><strong>litteris</strong></span> 
     </span>
     <span class='ocr_line' id='line_1_9' title="bbox 228 1080 1539 1136; baseline -0.002 -12"><span class='ocrx_word' id='word_1_37' title='bbox 228 1088 315 1125; x_wconf 82' lang='lat' dir='ltr'><strong>aevi</strong></span> <span class='ocrx_word' id='word_1_38' title='bbox 333 1086 498 1136; x_wconf 63' lang='lat' dir='ltr'><strong>Augusti</strong></span> <span class='ocrx_word' id='word_1_39' title='bbox 525 1085 760 1136; x_wconf 66' lang='lat' dir='ltr'><strong>designatum</strong></span> <span class='ocrx_word' id='word_1_40' title='bbox 782 1086 823 1123; x_wconf 75' lang='lat' dir='ltr'><strong>in</strong></span> <span class='ocrx_word' id='word_1_41' title='bbox 852 1086 946 1123; x_wconf 77' lang='lat' dir='ltr'><strong>actis</strong></span> <span class='ocrx_word' id='word_1_42' title='bbox 966 1085 1136 1122; x_wconf 67' lang='lat' dir='ltr'><strong>instituti</strong></span> <span class='ocrx_word' id='word_1_43' title='bbox 1163 1082 1348 1122; x_wconf 78' lang='lat' dir='ltr'><strong>archaeol.</strong></span> <span class='ocrx_word' id='word_1_44' title='bbox 1372 1080 1539 1122; x_wconf 78' lang='lat' dir='ltr'><strong>Romani</strong></span> 
     </span>
     <span class='ocr_line' id='line_1_10' title="bbox 228 1138 566 1193; baseline -0.006 -11"><span class='ocrx_word' id='word_1_45' title='bbox 228 1154 262 1182; x_wconf 91' lang='grc' dir='ltr'><strong>α.</strong></span> <span class='ocrx_word' id='word_1_46' title='bbox 286 1138 400 1180; x_wconf 84' lang='grc'><em>1882</em></span> <span class='ocrx_word' id='word_1_47' title='bbox 423 1154 460 1193; x_wconf 83' lang='lat' dir='ltr'><strong>p.</strong></span> <span class='ocrx_word' id='word_1_48' title='bbox 483 1138 566 1181; x_wconf 85' lang='grc'><strong>186</strong></span> 
     </span>
    </p>

    <p class='ocr_par' dir='ltr' id='par_1_6' title="bbox 285 1196 1407 1417">
     <span class='ocr_line' id='line_1_11' title="bbox 562 1196 886 1248; baseline -0.006 -12"><span class='ocrx_word' id='word_1_49' title='bbox 562 1196 637 1246; x_wconf 88' lang='lat' dir='ltr'><strong>lex]</strong></span> <span class='ocrx_word' id='word_1_50' title='bbox 712 1196 886 1248; x_wconf 86' lang='lat' dir='ltr'><strong>Tappula</strong></span> 
     </span>
     <span class='ocr_line' id='line_1_12' title="bbox 285 1249 1407 1305; baseline -0.004 -12"><span class='ocrx_word' id='word_1_51' title='bbox 285 1253 328 1293; x_wconf 90' lang='lat' dir='ltr'><strong>L.</strong></span> <span class='ocrx_word' id='word_1_52' title='bbox 516 1249 704 1303; x_wconf 62' lang='lat' dir='ltr'><strong>Vale-rhus</strong></span> <span class='ocrx_word' id='word_1_53' title='bbox 732 1252 932 1305; x_wconf 85' lang='lat' dir='ltr'><strong>Tapponis</strong></span> <span class='ocrx_word' id='word_1_54' title='bbox 971 1251 996 1291; x_wconf 84' lang='lat' dir='ltr'><strong>f.</strong></span> <span class='ocrx_word' id='word_1_55' title='bbox 1028 1251 1164 1304; x_wconf 86' lang='lat' dir='ltr'>Tappo</span> <span class='ocrx_word' id='word_1_56' title='bbox 1202 1251 1310 1301; x_wconf 60' lang='lat' dir='ltr'><strong>cispa</strong></span> <span class='ocrx_word' id='word_1_57' title='bbox 1334 1281 1342 1289; x_wconf 91' lang='lat'><strong>.</strong></span> <span class='ocrx_word' id='word_1_58' title='bbox 1366 1281 1375 1290; x_wconf 93' lang='lat'><strong>.</strong></span> <span class='ocrx_word' id='word_1_59' title='bbox 1399 1282 1407 1290; x_wconf 94' lang='lat'><strong><em>.</em></strong></span> 
     </span>
     <span class='ocr_line' id='line_1_13' title="bbox 287 1308 1407 1360; baseline -0.003 -11"><span class='ocrx_word' id='word_1_60' title='bbox 287 1339 600 1349; x_wconf 91' lang='grc'><strong>.......</strong></span> <span class='ocrx_word' id='word_1_61' title='bbox 641 1310 741 1348; x_wconf 82' lang='lat' dir='ltr'><strong>dicta</strong></span> <span class='ocrx_word' id='word_1_62' title='bbox 819 1309 1072 1360; x_wconf 76' lang='lat' dir='ltr'><strong>conlegarum</strong></span> <span class='ocrx_word' id='word_1_63' title='bbox 1159 1308 1309 1358; x_wconf 88' lang='lat' dir='ltr'><strong>eoru[m</strong></span> <span class='ocrx_word' id='word_1_64' title='bbox 1333 1338 1341 1347; x_wconf 93' lang='lat'>.</span> <span class='ocrx_word' id='word_1_65' title='bbox 1365 1338 1374 1346; x_wconf 95' lang='lat'><strong><em>.</em></strong></span> <span class='ocrx_word' id='word_1_66' title='bbox 1398 1338 1407 1346; x_wconf 95' lang='lat'><strong><em>.</em></strong></span> 
     </span>
     <span class='ocr_line' id='line_1_14' title="bbox 286 1364 1407 1417; baseline -0.001 -13"><span class='ocrx_word' id='word_1_67' title='bbox 286 1395 601 1405; x_wconf 88' lang='grc'><strong>.......</strong></span> <span class='ocrx_word' id='word_1_68' title='bbox 641 1365 691 1405; x_wconf 88' lang='grc' dir='ltr'><strong>Μ.</strong></span> <span class='ocrx_word' id='word_1_69' title='bbox 731 1365 926 1405; x_wconf 83' lang='lat' dir='ltr'><strong>Multivori</strong></span> <span class='ocrx_word' id='word_1_70' title='bbox 972 1365 1013 1404; x_wconf 88' lang='lat' dir='ltr'><strong>P.</strong></span> <span class='ocrx_word' id='word_1_71' title='bbox 1054 1364 1279 1417; x_wconf 88' lang='lat' dir='ltr'><strong>Properoc[i</strong></span> <span class='ocrx_word' id='word_1_72' title='bbox 1301 1394 1310 1403; x_wconf 88' lang='lat'><strong>.</strong></span> <span class='ocrx_word' id='word_1_73' title='bbox 1334 1395 1342 1403; x_wconf 93' lang='lat'>.</span> <span class='ocrx_word' id='word_1_74' title='bbox 1366 1394 1374 1403; x_wconf 91' lang='lat'><strong>.</strong></span> <span class='ocrx_word' id='word_1_75' title='bbox 1399 1395 1407 1403; x_wconf 93' lang='lat'><em>.</em></span> 
     </span>
    </p>

    <p class='ocr_par' dir='ltr' id='par_1_7' title="bbox 210 1421 1427 1700">
     <span class='ocr_line' id='line_1_15' title="bbox 210 1421 1417 1474; baseline -0.001 -13"><span class='ocrx_word' id='word_1_76' title='bbox 210 1430 228 1462; x_wconf 86' lang='lat'>5</span> <span class='ocrx_word' id='word_1_77' title='bbox 287 1452 529 1462; x_wconf 90' lang='grc'><strong>......</strong></span> <span class='ocrx_word' id='word_1_78' title='bbox 561 1422 747 1472; x_wconf 88' lang='lat' dir='ltr'><strong>Me]ronis</strong></span> <span class='ocrx_word' id='word_1_79' title='bbox 840 1422 992 1474; x_wconf 85' lang='lat' dir='ltr'><strong>plebem</strong></span> <span class='ocrx_word' id='word_1_80' title='bbox 1080 1421 1310 1471; x_wconf 62' lang='lat' dir='ltr'><strong>Romanam</strong></span> <span class='ocrx_word' id='word_1_81' title='bbox 1332 1422 1417 1460; x_wconf 89' lang='lat' dir='ltr'><strong>iure</strong></span> 
     </span>
     <span class='ocr_line' id='line_1_16' title="bbox 287 1477 1408 1530; baseline -0.002 -12"><span class='ocrx_word' id='word_1_82' title='bbox 287 1479 436 1529; x_wconf 85' lang='lat' dir='ltr'><strong>rogavit</strong></span> <span class='ocrx_word' id='word_1_83' title='bbox 586 1479 812 1530; x_wconf 88' lang='lat' dir='ltr'><strong>pl]ebesque</strong></span> <span class='ocrx_word' id='word_1_84' title='bbox 857 1478 1029 1518; x_wconf 87' lang='lat' dir='ltr'><strong>Romana</strong></span> <span class='ocrx_word' id='word_1_85' title='bbox 1075 1478 1160 1518; x_wconf 90' lang='lat' dir='ltr'><strong>iure</strong></span> <span class='ocrx_word' id='word_1_86' title='bbox 1203 1477 1327 1528; x_wconf 84' lang='lat' dir='ltr'><strong>sci[vit</strong></span> <span class='ocrx_word' id='word_1_87' title='bbox 1345 1507 1353 1516; x_wconf 97' lang='lat'>.</span> <span class='ocrx_word' id='word_1_88' title='bbox 1371 1510 1380 1518; x_wconf 90' lang='lat'>.</span> <span class='ocrx_word' id='word_1_89' title='bbox 1399 1507 1408 1516; x_wconf 87' lang='lat'><strong>.</strong></span> 
     </span>
     <span class='ocr_line' id='line_1_17' title="bbox 290 1533 1416 1584; baseline -0.001 -10"><span class='ocrx_word' id='word_1_90' title='bbox 290 1565 465 1575; x_wconf 87' lang='grc'><strong>.....</strong></span> <span class='ocrx_word' id='word_1_91' title='bbox 502 1535 541 1574; x_wconf 92' lang='lat' dir='ltr'><strong>in</strong></span> <span class='ocrx_word' id='word_1_92' title='bbox 578 1535 686 1584; x_wconf 75' lang='lat' dir='ltr'><strong>aelde</strong></span> <span class='ocrx_word' id='word_1_93' title='bbox 709 1535 886 1576; x_wconf 90' lang='lat' dir='ltr'><strong>Herculis</strong></span> <span class='ocrx_word' id='word_1_94' title='bbox 907 1547 939 1573; x_wconf 91' lang='lat' dir='ltr'><strong>a.</strong></span> <span class='ocrx_word' id='word_1_95' title='bbox 962 1534 998 1573; x_wconf 91' lang='lat' dir='ltr'><strong>d.</strong></span> <span class='ocrx_word' id='word_1_96' title='bbox 1015 1533 1067 1573; x_wconf 86' lang='lat' dir='ltr'><strong>XI</strong></span> <span class='ocrx_word' id='word_1_97' title='bbox 1088 1534 1126 1574; x_wconf 88' lang='lat' dir='ltr'><strong>k.</strong></span> <span class='ocrx_word' id='word_1_98' title='bbox 1148 1533 1416 1584; x_wconf 87' lang='lat' dir='ltr'><strong>unde[cembr.</strong></span> 
     </span>
     <span class='ocr_line' id='line_1_18' title="bbox 289 1590 1427 1644; baseline -0.001 -13"><span class='ocrx_word' id='word_1_99' title='bbox 289 1592 439 1644; x_wconf 87' lang='lat' dir='ltr'><strong>primus</strong></span> <span class='ocrx_word' id='word_1_100' title='bbox 459 1604 531 1644; x_wconf 89' lang='lat' dir='ltr'><strong>pro</strong></span> <span class='ocrx_word' id='word_1_101' title='bbox 548 1591 664 1641; x_wconf 80' lang='lat' dir='ltr'><strong>tribJu</strong></span> <span class='ocrx_word' id='word_1_102' title='bbox 792 1591 965 1631; x_wconf 82' lang='lat' dir='ltr'><strong>Satureia</strong></span> <span class='ocrx_word' id='word_1_103' title='bbox 1083 1591 1294 1643; x_wconf 89' lang='lat' dir='ltr'><strong>principi[o</strong></span> <span class='ocrx_word' id='word_1_104' title='bbox 1316 1590 1427 1630; x_wconf 81' lang='lat' dir='ltr'><strong>scivit</strong></span> 
     </span>
     <span class='ocr_line' id='line_1_19' title="bbox 289 1647 1409 1700; baseline -0.001 -13"><span class='ocrx_word' id='word_1_105' title='bbox 289 1648 329 1687; x_wconf 86' lang='lat' dir='ltr'><strong>P.</strong></span> <span class='ocrx_word' id='word_1_106' title='bbox 365 1648 535 1687; x_wconf 86' lang='lat' dir='ltr'><strong>Valerius</strong></span> <span class='ocrx_word' id='word_1_107' title='bbox 571 1647 786 1700; x_wconf 72' lang='lat' dir='ltr'><strong>Talpponis</strong></span> <span class='ocrx_word' id='word_1_108' title='bbox 858 1648 883 1686; x_wconf 80' lang='lat' dir='ltr'><strong>f.</strong></span> <span class='ocrx_word' id='word_1_109' title='bbox 958 1659 1060 1699; x_wconf 89' lang='lat' dir='ltr'><strong>pane</strong></span> <span class='ocrx_word' id='word_1_110' title='bbox 1133 1648 1313 1699; x_wconf 76' lang='lat' dir='ltr'><strong>repeti[to</strong></span> <span class='ocrx_word' id='word_1_111' title='bbox 1335 1677 1344 1686; x_wconf 93' lang='lat'><strong>.</strong></span> <span class='ocrx_word' id='word_1_112' title='bbox 1367 1677 1376 1686; x_wconf 89' lang='lat'><strong>.</strong></span> <span class='ocrx_word' id='word_1_113' title='bbox 1400 1677 1409 1686; x_wconf 95' lang='lat'><strong>.</strong></span> 
     </span>
    </p>

    <p class='ocr_par' dir='ltr' id='par_1_8' title="bbox 193 1707 1293 1755">
     <span class='ocr_line' id='line_1_20' title="bbox 193 1707 1293 1755; baseline -0.001 -12"><span class='ocrx_word' id='word_1_114' title='bbox 193 1711 229 1743; x_wconf 89' lang='lat'><strong>10</strong></span> <span class='ocrx_word' id='word_1_115' title='bbox 630 1733 834 1744; x_wconf 86' lang='grc'><strong>.......</strong></span> <span class='ocrx_word' id='word_1_116' title='bbox 857 1717 878 1744; x_wconf 90' lang='lat' dir='ltr'><strong>e</strong></span> <span class='ocrx_word' id='word_1_117' title='bbox 899 1707 964 1755; x_wconf 84' lang='lat' dir='ltr'><strong>qui</strong></span> <span class='ocrx_word' id='word_1_118' title='bbox 987 1716 1133 1755; x_wconf 85' lang='lat' dir='ltr'><strong>quaeve</strong></span> <span class='ocrx_word' id='word_1_119' title='bbox 1156 1733 1293 1743; x_wconf 90' lang='grc'><strong>.....</strong></span> 
     </span>
    </p>
   </div>
   <div class='ocr_carea' id='block_1_5' title="bbox 813 1850 846 1889">
    <p class='ocr_par' dir='ltr' id='par_1_9' title="bbox 813 1850 846 1889">
     <span class='ocr_line' id='line_1_21' title="bbox 813 1850 846 1889; baseline 0.03 -1"><span class='ocrx_word' id='word_1_120' title='bbox 813 1850 846 1889; x_wconf 94' lang='lat' dir='ltr'><strong>lI</strong></span> 
     </span>
    </p>
   </div>
   <div class='ocr_carea' id='block_1_6' title="bbox 122 1926 1547 2151">
    <p class='ocr_par' dir='ltr' id='par_1_10' title="bbox 122 1926 1547 2151">
     <span class='ocr_line' id='line_1_22' title="bbox 235 1926 1543 1982; baseline -0.001 -14"><span class='ocrx_word' id='word_1_121' title='bbox 235 1929 457 1969; x_wconf 78' lang='lat' dir='ltr'><strong>Aululariae</strong></span> <span class='ocrx_word' id='word_1_122' title='bbox 487 1932 564 1969; x_wconf 74' lang='lat' dir='ltr'><strong>sive</strong></span> <span class='ocrx_word' id='word_1_123' title='bbox 586 1929 746 1976; x_wconf 75' lang='lat' dir='ltr'><strong>Querolt&#39;</strong></span> <span class='ocrx_word' id='word_1_124' title='bbox 772 1929 862 1981; x_wconf 78' lang='lat' dir='ltr'><strong>finis</strong></span> <span class='ocrx_word' id='word_1_125' title='bbox 878 1942 917 1982; x_wconf 84' lang='lat' dir='ltr'><strong>p.</strong></span> <span class='ocrx_word' id='word_1_126' title='bbox 939 1926 995 1970; x_wconf 74' lang='lat'><strong>59</strong></span> <span class='ocrx_word' id='word_1_127' title='bbox 1018 1929 1185 1982; x_wconf 79' lang='lat' dir='ltr'><strong>Peiperi:</strong></span> <span class='ocrx_word' id='word_1_128' title='bbox 1215 1929 1435 1968; x_wconf 82' lang='lat' dir='ltr'><strong>mercedem</strong></span> <span class='ocrx_word' id='word_1_129' title='bbox 1456 1928 1543 1967; x_wconf 91' lang='lat' dir='ltr'><strong>vul-</strong></span> 
     </span>
     <span class='ocr_line' id='line_1_23' title="bbox 123 1985 1540 2038; baseline 0 -14"><span class='ocrx_word' id='word_1_130' title='bbox 123 1997 262 2024; x_wconf 91' lang='lat' dir='ltr'><strong>nerum</strong></span> <span class='ocrx_word' id='word_1_131' title='bbox 295 1986 419 2025; x_wconf 79' lang='lat' dir='ltr'><strong>victus</strong></span> <span class='ocrx_word' id='word_1_132' title='bbox 440 1987 613 2038; x_wconf 82' lang='lat' dir='ltr'><strong>accipiat.</strong></span> <span class='ocrx_word' id='word_1_133' title='bbox 664 1987 856 2037; x_wconf 78' lang='lat' dir='ltr'><strong>parasitus</strong></span> <span class='ocrx_word' id='word_1_134' title='bbox 878 1987 917 2025; x_wconf 92' lang='lat' dir='ltr'><strong>in</strong></span> <span class='ocrx_word' id='word_1_135' title='bbox 941 1986 1116 2025; x_wconf 86' lang='lat' dir='ltr'><strong>convivio</strong></span> <span class='ocrx_word' id='word_1_136' title='bbox 1139 1986 1170 2025; x_wconf 85' lang='lat' dir='ltr'><strong>si</strong></span> <span class='ocrx_word' id='word_1_137' title='bbox 1202 1985 1320 2024; x_wconf 83' lang='lat' dir='ltr'><strong>suerit</strong></span> <span class='ocrx_word' id='word_1_138' title='bbox 1347 1991 1452 2037; x_wconf 83' lang='lat' dir='ltr'><strong>veste</strong></span> <span class='ocrx_word' id='word_1_139' title='bbox 1481 1985 1540 2024; x_wconf 92' lang='lat' dir='ltr'><strong>di-</strong></span> 
     </span>
     <span class='ocr_line' id='line_1_24' title="bbox 122 2042 1540 2095; baseline 0.001 -15"><span class='ocrx_word' id='word_1_140' title='bbox 122 2042 288 2089; x_wconf 75' lang='lat' dir='ltr'><strong>scissus,</strong></span> <span class='ocrx_word' id='word_1_141' title='bbox 317 2055 335 2081; x_wconf 87' lang='lat' dir='ltr'><strong>a</strong></span> <span class='ocrx_word' id='word_1_142' title='bbox 358 2054 449 2095; x_wconf 87' lang='lat' dir='ltr'><strong>rege</strong></span> <span class='ocrx_word' id='word_1_143' title='bbox 470 2043 634 2082; x_wconf 90' lang='lat' dir='ltr'><strong>convivii</strong></span> <span class='ocrx_word' id='word_1_144' title='bbox 656 2043 812 2095; x_wconf 87' lang='lat' dir='ltr'><strong>duplam</strong></span> <span class='ocrx_word' id='word_1_145' title='bbox 834 2043 1053 2082; x_wconf 84' lang='lat' dir='ltr'><strong>mercedem</strong></span> <span class='ocrx_word' id='word_1_146' title='bbox 1076 2042 1335 2094; x_wconf 84' lang='lat' dir='ltr'><strong>reparationis</strong></span> <span class='ocrx_word' id='word_1_147' title='bbox 1363 2042 1540 2093; x_wconf 85' lang='lat' dir='ltr'><strong>accipiat.</strong></span> 
     </span>
     <span class='ocr_line' id='line_1_25' title="bbox 123 2098 1547 2151; baseline 0.001 -15"><span class='ocrx_word' id='word_1_148' title='bbox 123 2098 170 2137; x_wconf 91' lang='lat' dir='ltr'><strong>de</strong></span> <span class='ocrx_word' id='word_1_149' title='bbox 192 2098 375 2138; x_wconf 80' lang='lat' dir='ltr'><strong>livoribus</strong></span> <span class='ocrx_word' id='word_1_150' title='bbox 397 2100 435 2139; x_wconf 89' lang='lat' dir='ltr'><strong>in</strong></span> <span class='ocrx_word' id='word_1_151' title='bbox 459 2100 713 2151; x_wconf 81' lang='lat' dir='ltr'><strong>quadrantem</strong></span> <span class='ocrx_word' id='word_1_152' title='bbox 735 2099 846 2139; x_wconf 86' lang='lat' dir='ltr'><strong>solidi</strong></span> <span class='ocrx_word' id='word_1_153' title='bbox 868 2099 986 2139; x_wconf 89' lang='lat' dir='ltr'><strong>unius</strong></span> <span class='ocrx_word' id='word_1_154' title='bbox 1000 2129 1009 2146; x_wconf 92' lang='lat'><strong>‚</strong></span> <span class='ocrx_word' id='word_1_155' title='bbox 1039 2099 1087 2138; x_wconf 89' lang='lat' dir='ltr'><strong>de</strong></span> <span class='ocrx_word' id='word_1_156' title='bbox 1107 2098 1328 2138; x_wconf 85' lang='lat' dir='ltr'><strong>tumoribus</strong></span> <span class='ocrx_word' id='word_1_157' title='bbox 1348 2098 1387 2138; x_wconf 90' lang='lat' dir='ltr'><strong>in</strong></span> <span class='ocrx_word' id='word_1_158' title='bbox 1417 2098 1547 2138; x_wconf 74' lang='lat' dir='ltr'><strong>trien·</strong></span> 
     </span>
    </p>
   </div>
   <div class='ocr_carea' id='block_1_7' title="bbox 166 2179 388 2183">
    <p class='ocr_par' dir='ltr' id='par_1_11' title="bbox 166 2179 388 2183">
     <span class='ocr_line' id='line_1_26' title="bbox 166 2179 388 2183; baseline 0 0"><span class='ocrx_word' id='word_1_159' title='bbox 166 2179 388 2183; x_wconf 95' lang='lat' dir='ltr'><strong> </strong></span> 
     </span>
    </p>
   </div>
   <div class='ocr_carea' id='block_1_8' title="bbox 125 2209 1551 2659">
    <p class='ocr_par' dir='ltr' id='par_1_12' title="bbox 125 2209 1551 2659">
     <span class='ocr_line' id='line_1_27' title="bbox 235 2209 1542 2253; baseline -0.001 -10"><span class='ocrx_word' id='word_1_160' title='bbox 235 2212 245 2243; x_wconf 94' lang='lat' dir='ltr'><strong>l</strong></span> <span class='ocrx_word' id='word_1_161' title='bbox 274 2211 438 2243; x_wconf 79' lang='lat' dir='ltr'><strong>Valerius</strong></span> <span class='ocrx_word' id='word_1_162' title='bbox 463 2210 559 2243; x_wconf 69' lang='lat' dir='ltr'><strong>Max.</strong></span> <span class='ocrx_word' id='word_1_163' title='bbox 580 2210 646 2243; x_wconf 90' lang='lat' dir='ltr'><strong>Vlll</strong></span> <span class='ocrx_word' id='word_1_164' title='bbox 674 2212 702 2249; x_wconf 81' lang='lat'><strong>1,</strong></span> <span class='ocrx_word' id='word_1_165' title='bbox 728 2211 746 2244; x_wconf 81' lang='lat'>8</span> <span class='ocrx_word' id='word_1_166' title='bbox 773 2210 807 2243; x_wconf 94' lang='lat' dir='ltr'><strong>C.</strong></span> <span class='ocrx_word' id='word_1_167' title='bbox 832 2211 932 2244; x_wconf 83' lang='lat' dir='ltr'><strong>etiam</strong></span> <span class='ocrx_word' id='word_1_168' title='bbox 957 2210 1157 2244; x_wconf 86' lang='lat' dir='ltr'><strong>Cosconium</strong></span> <span class='ocrx_word' id='word_1_169' title='bbox 1183 2209 1324 2243; x_wconf 80' lang='lat' dir='ltr'><strong>Servilia</strong></span> <span class='ocrx_word' id='word_1_170' title='bbox 1348 2209 1424 2253; x_wconf 79' lang='lat' dir='ltr'><strong>lege</strong></span> <span class='ocrx_word' id='word_1_171' title='bbox 1447 2219 1542 2243; x_wconf 88' lang='lat' dir='ltr'><strong>reum</strong></span> 
     </span>
     <span class='ocr_line' id='line_1_28' title="bbox 125 2254 1540 2331; baseline 0.001 -44"><span class='ocrx_word' id='word_1_172' title='bbox 125 2259 262 2331; x_wconf 61' lang='lat' dir='ltr'><strong>pli-optet</strong></span> <span class='ocrx_word' id='word_1_173' title='bbox 285 2255 427 2298; x_wconf 86' lang='lat' dir='ltr'><strong>plurima</strong></span> <span class='ocrx_word' id='word_1_174' title='bbox 453 2259 487 2288; x_wconf 82' lang='lat' dir='ltr'><strong>et</strong></span> <span class='ocrx_word' id='word_1_175' title='bbox 503 2255 754 2289; x_wconf 77' lang='lat' dir='ltr'><strong>evidentissima</strong></span> <span class='ocrx_word' id='word_1_176' title='bbox 781 2255 927 2289; x_wconf 76' lang='lat' dir='ltr'><strong>facinora</strong></span> <span class='ocrx_word' id='word_1_177' title='bbox 953 2255 1026 2289; x_wconf 84' lang='lat' dir='ltr'><strong>sine</strong></span> <span class='ocrx_word' id='word_1_178' title='bbox 1050 2255 1116 2289; x_wconf 89' lang='lat' dir='ltr'><strong>ulla</strong></span> <span class='ocrx_word' id='word_1_179' title='bbox 1136 2254 1346 2288; x_wconf 80' lang='lat' dir='ltr'><strong>dubitatione</strong></span> <span class='ocrx_word' id='word_1_180' title='bbox 1363 2258 1540 2288; x_wconf 77' lang='lat' dir='ltr'><strong>nocentem</strong></span> 
     </span>
     <span class='ocr_line' id='line_1_29' title="bbox 156 2299 1541 2344; baseline 0 -11"><span class='ocrx_word' id='word_1_181' title='bbox 156 2300 235 2333; x_wconf 70' lang='lat' dir='ltr'><strong>oleri</strong></span> <span class='ocrx_word' id='word_1_182' title='bbox 262 2299 431 2334; x_wconf 86' lang='lat' dir='ltr'><strong>Valentini</strong></span> <span class='ocrx_word' id='word_1_183' title='bbox 464 2301 668 2334; x_wconf 81' lang='lat' dir='ltr'><strong>accusatoris</strong></span> <span class='ocrx_word' id='word_1_184' title='bbox 702 2302 774 2334; x_wconf 82' lang='lat' dir='ltr'><strong>eius</strong></span> <span class='ocrx_word' id='word_1_185' title='bbox 800 2301 975 2335; x_wconf 78' lang='lat' dir='ltr'><strong>recitatum</strong></span> <span class='ocrx_word' id='word_1_186' title='bbox 1006 2301 1038 2334; x_wconf 94' lang='lat' dir='ltr'><strong>in</strong></span> <span class='ocrx_word' id='word_1_187' title='bbox 1071 2300 1196 2334; x_wconf 90' lang='lat' dir='ltr'><strong>iudicio</strong></span> <span class='ocrx_word' id='word_1_188' title='bbox 1227 2310 1376 2339; x_wconf 81' lang='lat' dir='ltr'><strong>carmen,</strong></span> <span class='ocrx_word' id='word_1_189' title='bbox 1407 2300 1441 2333; x_wconf 91' lang='lat' dir='ltr'><strong>in</strong></span> <span class='ocrx_word' id='word_1_190' title='bbox 1473 2310 1541 2344; x_wconf 88' lang='lat' dir='ltr'><strong>quo</strong></span> 
     </span>
     <span class='ocr_line' id='line_1_30' title="bbox 126 2345 1542 2389; baseline 0.001 -11"><span class='ocrx_word' id='word_1_191' title='bbox 126 2355 263 2388; x_wconf 85' lang='lat' dir='ltr'><strong>puerum</strong></span> <span class='ocrx_word' id='word_1_192' title='bbox 281 2349 526 2389; x_wconf 79' lang='lat' dir='ltr'><strong>praetextatum</strong></span> <span class='ocrx_word' id='word_1_193' title='bbox 552 2350 586 2379; x_wconf 84' lang='lat' dir='ltr'><strong>et</strong></span> <span class='ocrx_word' id='word_1_194' title='bbox 606 2347 784 2389; x_wconf 80' lang='lat' dir='ltr'><strong>ingenuam</strong></span> <span class='ocrx_word' id='word_1_195' title='bbox 805 2346 969 2389; x_wconf 78' lang='lat' dir='ltr'><strong>virginem</strong></span> <span class='ocrx_word' id='word_1_196' title='bbox 995 2356 1012 2379; x_wconf 90' lang='lat' dir='ltr'><strong>a</strong></span> <span class='ocrx_word' id='word_1_197' title='bbox 1038 2356 1074 2379; x_wconf 87' lang='lat' dir='ltr'><strong>se</strong></span> <span class='ocrx_word' id='word_1_198' title='bbox 1092 2348 1280 2388; x_wconf 81' lang='lat' dir='ltr'><strong>corruptam</strong></span> <span class='ocrx_word' id='word_1_199' title='bbox 1307 2345 1440 2389; x_wconf 83' lang='lat' dir='ltr'><strong>poetico</strong></span> <span class='ocrx_word' id='word_1_200' title='bbox 1464 2346 1542 2379; x_wconf 81' lang='lat' dir='ltr'><strong>ioco</strong></span> 
     </span>
     <span class='ocr_line' id='line_1_31' title="bbox 125 2389 1542 2435; baseline 0 -11"><span class='ocrx_word' id='word_1_201' title='bbox 125 2389 393 2434; x_wconf 76' lang='lat' dir='ltr'><strong>significaverat,</strong></span> <span class='ocrx_word' id='word_1_202' title='bbox 418 2391 542 2431; x_wconf 83' lang='lat' dir='ltr'><strong>erexit,</strong></span> <span class='ocrx_word' id='word_1_203' title='bbox 575 2392 603 2424; x_wconf 89' lang='lat' dir='ltr'><strong>si</strong></span> <span class='ocrx_word' id='word_1_204' title='bbox 627 2391 762 2435; x_wconf 85' lang='lat' dir='ltr'><strong>quidem</strong></span> <span class='ocrx_word' id='word_1_205' title='bbox 788 2391 916 2425; x_wconf 82' lang='lat' dir='ltr'><strong>iudices</strong></span> <span class='ocrx_word' id='word_1_206' title='bbox 940 2392 1062 2425; x_wconf 88' lang='lat' dir='ltr'><strong>inicum</strong></span> <span class='ocrx_word' id='word_1_207' title='bbox 1087 2391 1150 2424; x_wconf 80' lang='lat' dir='ltr'><strong>rati</strong></span> <span class='ocrx_word' id='word_1_208' title='bbox 1176 2394 1254 2424; x_wconf 82' lang='lat' dir='ltr'><strong>sunt</strong></span> <span class='ocrx_word' id='word_1_209' title='bbox 1277 2400 1354 2424; x_wconf 88' lang='lat' dir='ltr'><strong>eum</strong></span> <span class='ocrx_word' id='word_1_210' title='bbox 1379 2390 1542 2424; x_wconf 77' lang='lat' dir='ltr'><strong>victorem</strong></span> 
     </span>
     <span class='ocr_line' id='line_1_32' title="bbox 126 2435 1542 2480; baseline 0.001 -12"><span class='ocrx_word' id='word_1_211' title='bbox 126 2435 310 2475; x_wconf 76' lang='lat' dir='ltr'><strong>dimittere,</strong></span> <span class='ocrx_word' id='word_1_212' title='bbox 348 2437 404 2479; x_wconf 86' lang='lat' dir='ltr'><strong>qui</strong></span> <span class='ocrx_word' id='word_1_213' title='bbox 437 2436 581 2480; x_wconf 86' lang='lat' dir='ltr'><strong>palmam</strong></span> <span class='ocrx_word' id='word_1_214' title='bbox 614 2446 680 2470; x_wconf 90' lang='lat' dir='ltr'><strong>non</strong></span> <span class='ocrx_word' id='word_1_215' title='bbox 713 2446 753 2470; x_wconf 86' lang='lat' dir='ltr'><strong>ex</strong></span> <span class='ocrx_word' id='word_1_216' title='bbox 786 2436 853 2470; x_wconf 86' lang='lat' dir='ltr'><strong>alio</strong></span> <span class='ocrx_word' id='word_1_217' title='bbox 887 2436 972 2470; x_wconf 80' lang='lat' dir='ltr'><strong>serre</strong></span> <span class='ocrx_word' id='word_1_218' title='bbox 1001 2435 1060 2470; x_wconf 88' lang='lat' dir='ltr'><strong>sed</strong></span> <span class='ocrx_word' id='word_1_219' title='bbox 1093 2436 1134 2470; x_wconf 85' lang='lat' dir='ltr'><strong>de</strong></span> <span class='ocrx_word' id='word_1_220' title='bbox 1165 2445 1200 2469; x_wconf 88' lang='lat' dir='ltr'><strong>se</strong></span> <span class='ocrx_word' id='word_1_221' title='bbox 1233 2435 1311 2470; x_wconf 83' lang='lat' dir='ltr'><strong>dare</strong></span> <span class='ocrx_word' id='word_1_222' title='bbox 1342 2436 1542 2470; x_wconf 83' lang='lat' dir='ltr'><strong>merebatur.</strong></span> 
     </span>
     <span class='ocr_line' id='line_1_33' title="bbox 126 2480 1542 2524; baseline 0.002 -11"><span class='ocrx_word' id='word_1_223' title='bbox 126 2483 231 2513; x_wconf 68' lang='lat' dir='ltr'><strong>istum</strong></span> <span class='ocrx_word' id='word_1_224' title='bbox 262 2482 378 2514; x_wconf 81' lang='lat' dir='ltr'><strong>iocum</strong></span> <span class='ocrx_word' id='word_1_225' title='bbox 411 2485 473 2514; x_wconf 80' lang='lat' dir='ltr'><strong>aul</strong></span> <span class='ocrx_word' id='word_1_226' title='bbox 496 2482 644 2514; x_wconf 71' lang='lat' dir='ltr'><strong>similem</strong></span> <span class='ocrx_word' id='word_1_227' title='bbox 674 2481 811 2514; x_wconf 77' lang='lat' dir='ltr'><strong>Plinius</strong></span> <span class='ocrx_word' id='word_1_228' title='bbox 843 2484 1016 2524; x_wconf 81' lang='lat' dir='ltr'><strong>respicere</strong></span> <span class='ocrx_word' id='word_1_229' title='bbox 1040 2481 1180 2514; x_wconf 76' lang='lat' dir='ltr'><strong>videtur</strong></span> <span class='ocrx_word' id='word_1_230' title='bbox 1209 2485 1282 2515; x_wconf 84' lang='lat' dir='ltr'><strong>nat.</strong></span> <span class='ocrx_word' id='word_1_231' title='bbox 1315 2482 1347 2514; x_wconf 87' lang='grc' dir='ltr'><strong>Ιι.</strong></span> <span class='ocrx_word' id='word_1_232' title='bbox 1370 2480 1444 2515; x_wconf 85' lang='lat' dir='ltr'><strong>XIV</strong></span> <span class='ocrx_word' id='word_1_233' title='bbox 1480 2483 1542 2516; x_wconf 81' lang='lat'><strong>140</strong></span> 
     </span>
     <span class='ocr_line' id='line_1_34' title="bbox 127 2526 1551 2571; baseline -0.001 -11"><span class='ocrx_word' id='word_1_234' title='bbox 127 2526 214 2560; x_wconf 77' lang='lat' dir='ltr'><strong>alius</strong></span> <span class='ocrx_word' id='word_1_235' title='bbox 240 2530 277 2559; x_wconf 79' lang='lat' dir='ltr'><strong>ut</strong></span> <span class='ocrx_word' id='word_1_236' title='bbox 302 2530 464 2570; x_wconf 86' lang='lat' dir='ltr'><strong>quantum</strong></span> <span class='ocrx_word' id='word_1_237' title='bbox 491 2527 612 2560; x_wconf 84' lang='lat' dir='ltr'><strong>biberit</strong></span> <span class='ocrx_word' id='word_1_238' title='bbox 642 2530 769 2560; x_wconf 77' lang='lat' dir='ltr'><strong>tantum</strong></span> <span class='ocrx_word' id='word_1_239' title='bbox 802 2526 873 2560; x_wconf 79' lang='lat' dir='ltr'><strong>edit</strong></span> <span class='ocrx_word' id='word_1_240' title='bbox 897 2527 1039 2571; x_wconf 80' lang='lat' dir='ltr'><strong>pretium</strong></span> <span class='ocrx_word' id='word_1_241' title='bbox 1067 2526 1272 2560; x_wconf 75' lang='lat' dir='ltr'><strong>vinolentiae</strong></span> <span class='ocrx_word' id='word_1_242' title='bbox 1303 2526 1379 2570; x_wconf 81' lang='lat' dir='ltr'><strong>lege</strong></span> <span class='ocrx_word' id='word_1_243' title='bbox 1408 2526 1551 2570; x_wconf 59' lang='lat' dir='ltr'><strong>accipit„</strong></span> 
     </span>
     <span class='ocr_line' id='line_1_35' title="bbox 127 2571 969 2615; baseline 0 -10"><span class='ocrx_word' id='word_1_244' title='bbox 127 2571 213 2607; x_wconf 82' lang='lat' dir='ltr'><strong>alius</strong></span> <span class='ocrx_word' id='word_1_245' title='bbox 237 2575 398 2615; x_wconf 87' lang='lat' dir='ltr'><strong>quantum</strong></span> <span class='ocrx_word' id='word_1_246' title='bbox 423 2572 495 2605; x_wconf 80' lang='lat' dir='ltr'><strong>alea</strong></span> <span class='ocrx_word' id='word_1_247' title='bbox 522 2572 705 2615; x_wconf 79' lang='lat' dir='ltr'><strong>quaesierit</strong></span> <span class='ocrx_word' id='word_1_248' title='bbox 730 2575 857 2605; x_wconf 78' lang='lat' dir='ltr'><strong>tantum</strong></span> <span class='ocrx_word' id='word_1_249' title='bbox 883 2572 969 2605; x_wconf 87' lang='lat' dir='ltr'><strong>bibit</strong></span> 
     </span>
     <span class='ocr_line' id='line_1_36' title="bbox 239 2616 1499 2659; baseline 0 -10"><span class='ocrx_word' id='word_1_250' title='bbox 239 2616 263 2649; x_wconf 91' lang='lat' dir='ltr'><strong>ll</strong></span> <span class='ocrx_word' id='word_1_251' title='bbox 288 2618 430 2650; x_wconf 80' lang='lat' dir='ltr'><strong>initium</strong></span> <span class='ocrx_word' id='word_1_252' title='bbox 453 2627 576 2650; x_wconf 75' lang='lat' dir='ltr'><strong>sac-rae</strong></span> <span class='ocrx_word' id='word_1_253' title='bbox 600 2619 862 2651; x_wconf 69' lang='lat' dir='ltr'><strong>constitutionis</strong></span> <span class='ocrx_word' id='word_1_254' title='bbox 892 2628 964 2650; x_wconf 83' lang='lat' dir='ltr'><strong>una</strong></span> <span class='ocrx_word' id='word_1_255' title='bbox 997 2627 1075 2650; x_wconf 81' lang='lat' dir='ltr'><strong>cum</strong></span> <span class='ocrx_word' id='word_1_256' title='bbox 1103 2617 1244 2659; x_wconf 77' lang='lat' dir='ltr'><strong>Oueroli</strong></span> <span class='ocrx_word' id='word_1_257' title='bbox 1267 2618 1367 2650; x_wconf 74' lang='lat' dir='ltr'><strong>exitu</strong></span> <span class='ocrx_word' id='word_1_258' title='bbox 1387 2618 1499 2659; x_wconf 76' lang='lat' dir='ltr'><strong>periit</strong></span> 
     </span>
    </p>
   </div>
  </div>
 </body>
</html>
