1728 2886
682 142 932 179 ΜΕΝΙΡΡΕΑΕ
1445 140 1465 179 1
1474 140 1526 179 81

732 257 805 297 1111
827 259 884 308 (3)

241 332 356 378 atque
379 327 412 366 si
431 325 590 373 addam,
619 332 767 377 quanto
796 325 1062 366 misericordia
1091 337 1177 365 mea
1198 324 1410 365 heredibus
1430 324 1530 365 meis
1561 329 1620 364 178

102 387 190 431 stet,
211 390 308 435 quot
327 383 492 424 miseros
512 382 795 423 sublevaverim

759 459 789 498 V

26 582 28 586 v
150 585 162 625 Ι
227 526 364 625 ἀειυῇξῗ
395 534 436 568 tu
459 540 539 568 non
563 528 667 568 vides
686 527 725 568 in
748 461 892 575 vin(e1i)s‚
915 526 1020 579 quod
1041 527 1114 567 tria
1134 527 1222 580 pala
1242 527 1424 576 habeant,
1458 527 1529 567 tri·
1561 533 1618 566 179

31 629 34 631 Α
99 598 147 638 pa
165 598 207 626 es
254 598 323 625 ici.

240 698 357 737 domo
378 710 486 746 exeo,
509 698 627 746 intro,
650 703 688 737 et
709 640 1027 749 pegzsqbrrigiis
1047 695 1252 749 compedio
1561 702 1619 734 180

536 820 1093 865 ΓΕΡΟΝΤΟΔῙΔΑΣΚΑΛΟΣ

767 889 783 928 1
803 887 864 942 (8)

370 949 462 998 ergo
484 952 567 985 tum
588 957 696 985 sacra
718 945 854 996 religio
876 951 1082 996 castaeque
1103 945 1265 984 fuerunt
1563 947 1621 983 181

369 1015 431 1042 res
452 1014 593 1042 omnes

747 1057 780 1096 ll
802 1057 888 1108 (10)

368 1117 408 1153 in
433 1114 575 1166 quibus
596 1111 759 1166 Liby'ssa
781 1115 905 1153 citrus
926 1114 1054 1154 fasciis
1075 1113 1198 1165 cingit
1219 1113 1325 1153 fores
1564 1118 1623 1152 182

727 1192 779 1232 111
800 1193 885 1243 (13)
1557 1170 1563 1175 ”

371 1248 438 1289 nbi
458 1261 594 1301 graves
618 1252 831 1302 pascantur
851 1254 967 1300 atque
988 1248 1141 1288 alantur
1162 1249 1358 1300 pavom'lm
1387 1258 1526 1299 greges
1559 1254 1616 1288 183

722 1328 793 1367 1111
814 1328 902 1379 (11)

369 1384 426 1423 ve'l
449 1384 583 1424 decem
604 1387 742 1425 messis
762 1383 830 1424 ubi
852 1396 931 1424 una
951 1384 1127 1436 saepiam
1146 1382 1327 1435 granaria
1560 1389 1620 1423 184

746 1463 775 1501 V
795 1463 883 1513 (12)

368 1519 493 1558 vineis
514 1519 579 1559 ubi
601 1519 728 1572 ampla
749 1519 844 1560 cella
865 1519 1062 1559 torculum
1083 1518 1322 1571 respondeat
1562 1524 1619 1558 185

749 1598 798 1638 v1
817 1599 876 1649 (1)

241 1664 424 1717 quotiens
445 1665 598 1716 priscus
626 1666 743 1706 homo
773 1677 817 1705 ac
847 1665 1018 1706 rusticus
1038 1665 1239 1705 Romanus
1259 1664 1364 1704 inter
1385 1664 1532 1704 nundi-
1564 1671 1621 1705 186

100 1733 195 1762 num
218 1721 379 1762 barbam
400 1720 588 1761 radebat?

746 1789 811 1829 Vll
832 1790 890 1840 (2)

239 1869 361 1897 novos
381 1857 544 1897 maritus
564 1857 747 1898 tacitulus
766 1858 884 1897 taxim
907 1857 1040 1897 uxoris
1061 1856 1234 1897 solvebat
1254 1856 1456 1908 cingillum
1563 1863 1619 1897 187

731 1935 816 1975 Vlll
838 1937 894 1987 (4)

42 2045 45 2047 .
238 2002 450 2043 vehebatur
480 2015 570 2043 cum
592 2016 714 2043 uxore
734 2003 912 2043 vehiculo
942 2003 1063 2044 semel
1093 2008 1160 2042 aut
1187 2001 1247 2042 bis
1277 2014 1404 2052 anno,
1442 2015 1531 2043 cum
1564 2009 1620 2043 188

27 2060 49 2088 Γ
96 2071 284 2108 arceram,
305 2060 338 2099 si
359 2072 438 2100 non
462 2059 587 2109 vellet,
610 2073 691 2100 non
713 2066 907 2100 sterneret

709 2138 813 2178 vnn
836 2139 921 2189 (16)

238 2218 319 2245 non
343 2205 576 2258 videsapud
598 2205 771 2246 Ennium
794 2217 879 2246 esse
910 2205 1099 2258 scriptum
1124 2209 1197 2245 ‘ter
1216 2204 1290 2245 suh
1312 2205 1429 2245 armis
1448 2217 1531 2246 ma·
1564 2211 1620 2247 189

28 2282 42 2315 2
96 2262 162 2302 lim
183 2262 300 2303 vitam
322 2274 497 2310 cernere,
519 2274 635 2314 quam
657 2263 775 2303 semel
797 2262 913 2302 modo
934 2260 1116 2314 parere’?

202 2374 266 2408 178
290 2372 335 2407 Ν.
354 2384 392 2417 p.
419 2375 481 2408 391
509 2377 599 2407 stare
630 2372 637 2417 1
671 2376 796 2417 quanta
826 2372 840 2417 ΙΙ
871 2375 935 2408 179
958 2372 1003 2407 Ν.
1024 2383 1062 2416 p.
1089 2374 1154 2408 219
1181 2372 1249 2416 pali
1280 2373 1286 2415 Ι
1318 2371 1416 2406 vides
1441 2373 1528 2407 vites

91 2417 262 2462 Rieeiueu
283 2419 345 2453 180
370 2418 416 2454 N.
439 2429 474 2461 p.
499 2419 541 2453 28
567 2417 749 2461 compedes

211 2465 271 2499 181
299 2463 344 2498 Ν.
362 2474 400 2507 p.
426 2465 490 2498 267
517 2467 648 2498 castum
667 2462 680 2507 ΙΙ
701 2463 860 2506 religiose
888 2463 902 2507 ΙΙ
934 2464 997 2498 182
1021 2461 1066 2496 Ν.
1088 2473 1124 2506 p.
1150 2463 1193 2497 86
1218 2461 1321 2496 citrus
1344 2465 1379 2495 et
1399 2473 1435 2506 p.
1459 2463 1524 2498 451

40 2518 42 2520 ’
96 2507 235 2543 fasciam
254 2510 260 2551 1
282 2509 387 2544 sorem
403 2519 438 2552 p.
451 2511 514 2544 451
533 2508 547 2554 ΙΙ
568 2510 632 2544 183
649 2508 694 2542 Ν.
708 2518 743 2551 p.
759 2509 829 2543 314
845 2518 948 2552 grave
972 2511 1008 2541 et
1028 2518 1064 2551 p.
1088 2509 1152 2542 440
1178 2517 1319 2551 pascere
1342 2509 1377 2541 et
1400 2507 1492 2542 alere
1515 2509 1528 2552 ss

99 2554 162 2588 184
185 2553 229 2589 Ν.
245 2564 282 2598 p.
295 2556 338 2588 47
364 2555 518 2597 granaria
540 2555 546 2598 Ι
567 2554 694 2588 mensis
717 2553 730 2597 ΙΙ
756 2554 820 2589 185
845 2553 890 2587 Ν.
913 2563 950 2596 p.
971 2555 1012 2587 47
1038 2552 1204 2587 torculum
1229 2551 1243 2598 ΙΙ
1262 2553 1324 2588 186
1346 2551 1443 2597 N.p.
1461 2554 1528 2587 214

95 2598 264 2633 nundinae
292 2599 305 2644 ΙΙ
335 2600 397 2634 187
423 2599 468 2634 Ν.
490 2610 525 2642 ρ.
550 2601 591 2634 47
619 2598 792 2643 cingillum
824 2598 830 2643 Ι
866 2599 1028 2634 taciturus
1053 2598 1066 2643 11
1095 2599 1159 2633 188
1184 2597 1229 2633 Ν.
1249 2609 1285 2643 p.
1311 2599 1355 2634 55
1378 2608 1491 2633 arcera
1514 2598 1528 2643 ΙΙ

99 2645 163 2679 189
187 2643 231 2679 Ν.
252 2654 288 2688 p.
314 2646 375 2679 261
404 2654 541 2679 cernere
