1728 2886
135 339 193 372 384

134 679 191 712 385

140 1090 195 1123 387

133 1487 191 1521 389

131 1692 193 1726 390

134 1897 253 1930 391·

131 2097 188 2130 392

222 149 303 188 202
821 131 1035 188 vAeRenffi

704 264 875 300 PAPPVS
899 266 988 300 AVT
1013 267 1173 301 INDEX*

366 334 606 374 nasturcium
642 347 778 375 nonne
806 335 912 376 vides
940 335 1028 375 ideo
1060 336 1135 377 diei
1165 338 1269 390 quod
1301 350 1437 379 nasum
1457 346 1651 392 torqueat,
1699 333 1702 336 ’

223 398 264 430 ut
286 390 530 442 vestispicam
553 391 659 443 quod
679 397 823 432 vestem
845 391 1011 445 spiciat?

830 536 1040 578 PARMENO

897 607 992 660 1(n

495 675 686 727 lepusculi
707 675 879 715 timentis
900 676 975 716 hoc
997 677 1311 729 quadrangulum

494 731 599 770 dedit
619 731 740 771 Diana
762 737 844 771 rete
866 732 1006 780 nexile,
1029 729 1202 787 ἄρκυας,

494 788 640 827 viscum
662 790 840 839 fugarum
864 788 1084 842 lineamque
1105 793 1334 844 compedem

883 868 916 907 Il

494 938 653 974 exeunti
675 942 870 987 strepunt,
893 871 1052 977 exb2u)nti
1074 938 1200 978 bount

874 1015 926 1055 lll
949 1018 1008 1067 (4)

496 1083 515 1121 e'
536 1095 628 1122 cavo
651 1083 759 1122 sente
781 1089 825 1122 ut
843 1086 960 1122 umer
980 1084 1117 1136 rigavit
1136 1093 1267 1125 cavata

494 1140 643 1178 aurium
666 1140 838 1179 anfracta
860 1140 899 1179 in
922 1141 1053 1180 silvam
1074 1154 1216 1183 vocans

860 1219 930 1258 llll
951 1220 1009 1270 (5)

875 1289 881 1296 “
931 1287 1029 1328 alius
1051 1288 1243 1329 caballum
1264 1289 1394 1330 arbori

493 1345 600 1381 remo
623 1342 662 1381 in
687 1343 821 1382 humili
843 1344 1039 1395 alligatam
1061 1345 1249 1398 relinquit

883 1423 911 1460 V
933 1424 990 1474 (6)

1237 1483 1369 1523 ferens

494 1535 657 1575 ferream
680 1539 815 1575 umere
836 1535 1048 1588 bipennem
1070 1541 1247 1578 securem

874 1614 921 1655 Vl

433 1708 435 1710 -
493 1682 669 1721 caeditur
688 1683 789 1723 letos
809 1684 899 1732 alta,
921 1617 1000 1724 eltSa)
1017 1686 1097 1725 fros
1118 1685 1260 1726 decidit

492 1739 668 1788 Palladis,
689 1740 860 1792 platanu'
882 1742 999 1781 ramis

862 1820 929 1859 Vll
950 1819 1012 1873 (9)

492 1886 563 1926 alia
584 1893 692 1939 traps
713 1887 849 1939 prenis
870 1888 907 1927 in
932 1889 1091 1928 humum
1113 1888 1295 1930 Accidens
1316 1894 1527 1942 proxumae
1558 1924 1562 1929 .

491 1944 633 1995 frangit
654 1956 783 1983 ramos
804 1945 946 1985 cadens

851 2024 936 2064 Vlll

488 2090 577 2130 aliu’
599 2097 775 2131 teneram
798 2026 972 2132 abietem(
975 2027 1085 2133 7361&
1107 2089 1283 2146 percellit

329 2194 394 2248 3821
419 2214 461 2248 N.
481 2224 518 2257 p.
547 2215 587 2249 12
612 2197 798 2257 vesti'spici.
847 2214 952 2250 Varro
977 2216 1095 2260 Pappo
1128 2221 1187 2250 aut
1217 2216 1333 2260 indige
1363 2217 1570 2251 nasturcium
1593 2217 1645 2251 ἰη-
1694 2219 1697 2226 ”
1725 2242 1728 2251 .

215 2258 292 2301 dige
318 2270 384 2292 non
410 2259 543 2294 invides
569 2260 602 2293 in
627 2270 669 2293 eo
693 2260 786 2293 unde
803 2259 922 2304 Pappo
948 2266 1006 2295 aut
1030 2261 1187 2306 indigena
1205 2262 1370 2296 Oehlerus
1390 2263 1395 2305 1
1416 2265 1454 2296 ut
1478 2264 1646 2296 omittunt
1692 2256 1696 2272 ³

239 2304 306 2337 leri
331 2315 375 2337 ue
400 2305 484 2338 libri

213 2315 235 2347 p
308 2316 394 2384 ‘1385
420 2350 464 2384 N.
483 2361 521 2394 p.
547 2352 588 2384 28
626 2350 807 2394 compedes
843 2354 878 2383 et
910 2363 944 2394 p.
970 2354 1031 2387 451
1061 2353 1190 2386 viscum
1223 2354 1229 2395 Ι
1262 2352 1375 2395 sugam
1403 2363 1439 2396 p.
1464 2353 1519 2395 28,
1543 2353 1644 2396 fugae

214 2405 248 2437 p.
274 2397 337 2430 451
361 2399 372 2438 Ι.
388 2396 586 2440 compedum
602 2395 614 2440 ΙΙ
634 2397 701 2430 386
716 2395 760 2429 Ν.
777 2407 811 2439 p.
835 2398 878 2430 79
902 2397 1008 2431 bount
1029 2397 1034 2442 Ι
1055 2402 1180 2432 exeunt
1204 2397 1280 2432 citis
1302 2398 1372 2440 (vel
1393 2399 1465 2439 citi)
1490 2401 1644 2442 strepunt
1688 2414 1691 2422 .

216 2444 339 2474 exeunt
365 2441 481 2475 bount.
522 2444 659 2475 incerta
683 2441 819 2474 scilicet
840 2444 1039 2476 emendatio
1057 2442 1070 2487 ΙΙ
1088 2445 1151 2478 387
1176 2442 1220 2477 Ν.
1229 2454 1268 2486 p.
1283 2444 1347 2478 193
1372 2443 1569 2477 anfractum.
1604 2445 1643 2477 in

216 2488 439 2519 tetrametro:
463 2488 630 2529 discripsi
653 2489 822 2521 creticum
845 2491 997 2531 systema
1020 2492 1169 2532 propter
1192 2498 1315 2522 versus
1339 2491 1560 2531 insequentes
1578 2488 1585 2532 Ι
1606 2493 1643 2524 ut

214 2540 290 2563 cum
316 2532 468 2574 irrigavit
484 2533 496 2577 ss
515 2534 580 2567 388
605 2531 650 2566 N.
670 2543 708 2575 p.
728 2534 769 2568 86
794 2532 974 2578 caballusfl
994 2535 1059 2568 389
1082 2533 1128 2568 Ν.
1150 2545 1186 2578 p.
1211 2535 1254 2568 79
1279 2534 1460 2577 bipennem
1477 2533 1490 2578 ΙΙ
1507 2535 1574 2569 390
1597 2533 1644 2569 Ν.
1690 2566 1692 2570 ,

208 2586 245 2618 p.
271 2577 337 2611 486
364 2577 455 2611 frons
477 2580 481 2621 Ι
502 2578 593 2612 lutos
617 2581 682 2611 aut
704 2578 833 2612 luctos:
860 2577 957 2612 lucus
979 2580 1154 2613 Bentinus
1172 2579 1178 2622 1
1199 2583 1302 2623 atque
1328 2578 1462 2612 aiecius
1484 2581 1611 2626 inserit
1634 2579 1642 2624 Ι
1676 2583 1679 2587 ’

215 2621 307 2660 frons
331 2625 372 2654 ut
394 2624 434 2655 in
459 2624 618 2658 lemmate
644 2623 728 2656 libri
744 2623 756 2667 ΙΙ
774 2625 837 2658 391
863 2623 909 2657 Ν.
931 2635 967 2667 p.
996 2625 1059 2661 178
1082 2627 1175 2668 traps
1199 2627 1235 2657 et
1254 2635 1291 2668 p.
1314 2626 1382 2659 494
1411 2625 1528 2668 pronis
1547 2625 1553 2670 Ι
1574 2624 1643 2660 alta

217 2666 383 2700 oehlerus
402 2666 414 2711 ΙΙ
431 2670 495 2702 392
520 2668 564 2703 N.
584 2680 622 2712 p.
650 2670 714 2703 152
740 2668 923 2713 percellere
1022 2693 1026 2696 -
