1728 2886
135 643 208 683 141

245 123 325 165 108
865 120 1069 161 PETRONII

363 242 521 282 ‘omnia'
552 243 713 294 inquam
744 243 829 283 ‘ista
854 254 944 282 vera
965 248 1079 290 sunt3
1111 242 1274 286 neculli
1294 242 1400 282 enim
1420 243 1587 284 celerius
1607 244 1677 284 ho·

249 299 376 339 mines
407 299 580 339 incidere
609 299 756 339 debent
785 299 824 339 in
856 299 996 339 malam
1026 299 1249 347 fortunam,
1279 312 1396 351 quam
1417 301 1484 352 qui
1505 301 1678 341 alienum

248 355 550 407 concupiscunt.
591 356 697 396 unde
726 356 834 409 plani
863 362 1013 404 autem,
1044 356 1150 395 unde
1170 356 1360 396 levatores
1379 356 1571 406 viverent,
1604 357 1680 398 nisi

248 419 314 453 aut
344 412 504 453 locellos
524 419 591 452 aut
612 418 800 453 sonantes
820 425 910 453 aere
930 413 1094 453 sacellos
1114 425 1187 465 pro
1207 413 1331 453 hamis
1350 414 1391 453 in
1413 413 1568 454 turbam
1588 414 1678 454 mit-

247 467 405 510 terent?
435 469 537 510 sicut
566 476 672 510 muta
703 470 883 510 animalia
913 469 1001 510 cibo
1033 470 1282 518 inescantur,
1313 470 1369 510 sic
1398 471 1578 512 homines
1601 484 1680 512 non

248 532 488 579 caperentur
508 526 582 567 nisi
604 527 687 580 spei
707 527 853 579 aliquid
873 526 1114 566 morderent‘

956 598 977 621 >k

362 644 422 679 ‘ex
442 640 572 680 Africa
595 640 725 687 navis,
746 646 791 680 ut
811 641 1070 692 promiseras,
1093 652 1182 680 cum
1204 640 1372 692 pecunia
1393 646 1458 680 tua
1480 647 1519 681 et
1537 642 1680 682 familia

248 709 328 737 non
361 697 479 737 venit.
521 702 742 749 captatores
772 697 847 736 iam
878 697 1054 737 exhausti
1083 697 1353 737 liberalitatem
1383 698 1680 738 imminuerunt.

246 755 378 806 itaque
408 759 475 794 aut
495 754 627 802 fallor,
660 759 727 793 aut
747 755 905 794 fortuna
927 754 1149 793 communis
1180 754 1309 806 coepit
1330 754 1458 795 redire
1477 755 1526 795 ad
1546 755 1689 808 paeni*¹

248 811 408 851 tentiam
430 810 550 850 tuam'

957 866 977 888 >k

361 928 525 971 ‘omnes
547 924 614 976 qui
635 924 676 963 in
698 928 933 964 testamento
955 935 1042 963 meo
1064 924 1187 976 legata
1207 923 1366 972 habent,
1387 931 1543 977 praeter
1561 925 1682 965 liber-

247 987 309 1021 tos
329 993 439 1021 meos
459 981 532 1020 hac
554 980 788 1021 condicione
808 981 1052 1033 percipient,
1075 993 1174 1033 quae
1196 981 1306 1029 dedi,
1328 981 1360 1022 si
1381 993 1528 1035 corpus
1549 994 1681 1023 meum

247 1038 287 1077 in
310 1044 441 1091 partes
461 1037 711 1078 conciderint
731 1042 769 1077 et
790 1043 939 1078 astante
960 1038 1109 1090 populo
1131 1038 1387 1078 comederint’

957 1109 978 1132 *

361 1151 489 1215 ‘apud
501 1151 687 1202 quasdam
710 1157 846 1203 gentes
867 1151 1012 1191 scimus
1027 1151 1156 1191 adhuc
1171 1151 1296 1203 legem
1314 1152 1472 1200 servari,
1493 1157 1573 1192 uta
1588 1164 1681 1204 pro-

247 1208 409 1261 pinquis
431 1208 512 1248 suis
533 1214 819 1249 consumantur
839 1208 1028 1256 defuncti,
1050 1209 1146 1247 adeo
1170 1208 1340 1273 quidem,
1361 1214 1406 1248 ut
1422 1208 1683 1261 obiurgentur

247 1265 354 1317 aegri
374 1265 616 1329 frequenter,
638 1265 743 1317 quod
765 1277 922 1305 carnem
945 1277 1054 1306 suam
1075 1265 1219 1304 faciant
1239 1265 1427 1318 peiorem.
1468 1266 1528 1306 his
1547 1266 1682 1306 admo-

248 1335 324 1362 neo
356 1322 502 1362 amicos
531 1334 660 1370 meos,
693 1334 744 1371 ne
773 1328 959 1362 recusent
989 1334 1089 1374 quae
1119 1321 1260 1370 iube0‚
1291 1322 1358 1362 sed
1380 1322 1524 1374 quibus
1543 1323 1683 1364 animis

247 1379 472 1419 devoverint
491 1379 672 1430 spiritum
696 1391 839 1427 meum,
862 1379 1007 1419 eisdem
1029 1379 1144 1418 etiam
1165 1391 1310 1432 corpus
1330 1379 1578 1420 consumant'

959 1450 980 1474 *
1407 1470 1410 1473 ⁴

361 1491 594 1532 excaecabat
623 1492 816 1544 pecuniae
847 1493 988 1544 ingens
1019 1493 1117 1531 fama
1149 1493 1285 1533 oculos
1313 1493 1544 1545 animosque
1564 1494 1681 1534 mise-

247 1561 398 1589 rorum.

361 1605 526 1658 Gorgias
546 1611 705 1658 paratus
726 1611 809 1645 erat
829 1606 989 1656 exsequi

956 1676 979 1701 *

361 1719 422 1759 ‘de
452 1719 642 1759 stomachi
673 1719 730 1759 tui
761 1719 1010 1759 recusatione
1032 1732 1112 1758 non
1135 1719 1260 1759 habeo
1281 1720 1386 1772 quod
1407 1720 1577 1760 timeam.
1617 1733 1680 1761 se-

247 1782 391 1828 quetur
410 1776 632 1828 imperium,
654 1776 687 1816 si
708 1776 936 1828 promiseris
957 1776 1010 1816 illi
1032 1789 1104 1828 pro
1126 1776 1244 1816 unius
1265 1777 1384 1817 horae
1404 1777 1557 1817 fastidio
1579 1778 1680 1817 mul-

246 1839 377 1872 torum
397 1833 596 1873 bonorum
615 1834 902 1885 pensationem.
935 1833 1045 1885 operi
1067 1833 1182 1873 modo
1204 1834 1340 1874 oculos
1361 1841 1400 1874 et
1419 1835 1525 1887 finge
1541 1839 1578 1874 te
1596 1847 1678 1874 non

245 1890 418 1930 humana
451 1890 598 1930 viscera
629 1889 698 1930 sed
728 1890 877 1930 centies
907 1890 1129 1930 sestertium
1161 1901 1349 1932 comesse.
1409 1891 1560 1931 accedit
1590 1891 1680 1940 huc,

246 1947 351 1998 quod
373 1947 501 1999 aliqua
522 1947 767 1987 inveniemus
788 1947 1074 1995 blandimenta,
1105 1946 1249 1999 quibus
1268 1959 1449 2001 saporem
1468 1953 1679 1989 mutemus.

246 2015 377 2056 neque
406 2004 515 2043 enim
534 2004 613 2044 ulla
635 2016 724 2044 caro
746 2015 818 2056 per
838 2016 879 2044 se
898 2004 1047 2057 placet,
1078 2004 1144 2044 sed
1167 2009 1248 2044 arte
1270 2005 1436 2056 quadam
1457 2005 1678 2057 corrumpid

244 2067 309 2100 tur
339 2067 378 2100 et
407 2061 608 2101 stomacho
648 2061 881 2101 conciliatur
909 2071 1055 2100 averso.
1107 2061 1212 2112 quod
1242 2061 1274 2101 si
1305 2061 1492 2116 exemplis
1520 2070 1678 2114 quoque

245 2118 300 2158 vis
321 2117 482 2170 probari
504 2118 727 2167 consilium,
750 2117 957 2170 Saguntini
979 2117 1157 2170 oppressi
1179 2118 1226 2157 ab
1249 2118 1469 2159 Hannibale
1489 2119 1678 2159 humanas

247 2174 363 2214 edere
395 2187 545 2223 carnes,
578 2187 652 2215 nec
683 2175 937 2214 hereditatem
970 2174 1241 2226 expectabant.
1292 2175 1455 2216 Petelini
1485 2175 1589 2216 idem
1621 2176 1674 2216 fe-

247 2237 389 2271 cerunt
416 2232 457 2272 in
489 2231 622 2271 ultima
653 2232 767 2279 same,
802 2243 874 2271 nec
904 2231 1113 2282 quicquam
1144 2231 1247 2272 aliud
1279 2233 1317 2272 in
1342 2233 1423 2272 v‘hac
1452 2226 1702 2285 epulatione'

247 2287 476 2340 captabant,
517 2288 592 2328 nisi
630 2294 783 2328 tantum
815 2300 865 2337 ne
896 2288 1104 2328 esurirent.
1164 2301 1252 2328 cum
1285 2295 1387 2330 esset
1415 2289 1626 2330 Numantia
1655 2302 1677 2329 a

247 2345 434 2397 Scipione
464 2351 596 2398 capta,
627 2345 809 2385 inventae
839 2350 933 2385 sunt
962 2351 1126 2390 matres,
1158 2358 1257 2397 quae
1278 2345 1493 2386 liberorum
1513 2357 1676 2386 suorum

244 2407 428 2442 tenerent
446 2414 596 2442 semesa
617 2402 656 2442 in
678 2402 766 2442 sinu
788 2401 973 2480 corporaa’e

362 2515 401 2547 10
427 2523 522 2547 suam
545 2513 557 2558 ΙΙ
583 2515 626 2548 18
651 2512 815 2547 devorant
839 2514 1019 2547 Iacob-sius
1039 2513 1044 2556 Ι
1065 2513 1180 2556 etiam]
1207 2523 1307 2547 omne
1331 2513 1585 2557 Scaliger-anus
1602 2513 1615 2557 ΙΙ
1632 2515 1675 2547 19

245 2557 548 2637 ἑῖωὲἰῐῇιξῗοὴίαε
565 2559 578 2603 n
596 2560 637 2593 25
663 2558 803 2592 accedet
821 2557 834 2601 ΙΙ
851 2560 892 2593 28
918 2559 969 2593 vis
994 2569 1131 2603 quoque
1148 2558 1161 2603 ΙΙ
1179 2560 1220 2593 29
1246 2559 1377 2594 obsessi
1400 2557 1677 2603 Ridershusiusss
