<?xml version="1.0" encoding="UTF-8"?>
<!DOCTYPE html PUBLIC "-//W3C//DTD XHTML 1.0 Transitional//EN"
    "http://www.w3.org/TR/xhtml1/DTD/xhtml1-transitional.dtd">
<html xmlns="http://www.w3.org/1999/xhtml" xml:lang="en" lang="en">
 <head>
  <title>
</title>
<meta http-equiv="Content-Type" content="text/html;charset=utf-8" />
  <meta name='ocr-system' content='tesseract 3.04.00' />
  <meta name='ocr-capabilities' content='ocr_page ocr_carea ocr_par ocr_line ocrx_word'/>
</head>
<body>
  <div class='ocr_page' id='page_1' title='image "./satiraeetliberpr00petruoft_0031.png"; bbox 0 0 1728 2886; ppageno 0'>
   <div class='ocr_carea' id='block_1_1' title="bbox 693 122 1480 163">
    <p class='ocr_par' dir='ltr' id='par_1_1' title="bbox 693 122 1480 163">
     <span class='ocr_line' id='line_1_1' title="bbox 693 122 1480 163; baseline 0.005 -5"><span class='ocrx_word' id='word_1_1' title='bbox 693 123 876 159; x_wconf 79' lang='lat' dir='ltr'>SATIRAE</span> <span class='ocrx_word' id='word_1_2' title='bbox 1429 122 1480 163; x_wconf 86' lang='grc'>27</span> 
     </span>
    </p>
   </div>
   <div class='ocr_carea' id='block_1_2' title="bbox 15 238 1544 2485">
    <p class='ocr_par' dir='ltr' id='par_1_2' title="bbox 27 238 1482 406">
     <span class='ocr_line' id='line_1_2' title="bbox 27 238 1482 294; baseline -0.004 -10"><span class='ocrx_word' id='word_1_3' title='bbox 27 246 130 291; x_wconf 51' lang='lat' dir='ltr'>{est</span> <span class='ocrx_word' id='word_1_4' title='bbox 158 243 317 294; x_wconf 84' lang='lat' dir='ltr'>ingens,</span> <span class='ocrx_word' id='word_1_5' title='bbox 349 246 506 292; x_wconf 47' lang='lat' dir='ltr'>et·ecce</span> <span class='ocrx_word' id='word_1_6' title='bbox 537 251 653 280; x_wconf 91' lang='lat' dir='ltr'>canes</span> <span class='ocrx_word' id='word_1_7' title='bbox 674 238 858 278; x_wconf 84' lang='lat' dir='ltr'>Laconici</span> <span class='ocrx_word' id='word_1_8' title='bbox 879 238 991 277; x_wconf 88' lang='lat' dir='ltr'>etiam</span> <span class='ocrx_word' id='word_1_9' title='bbox 1013 238 1116 278; x_wconf 92' lang='lat' dir='ltr'>circa</span> <span class='ocrx_word' id='word_1_10' title='bbox 1137 250 1310 279; x_wconf 90' lang='lat' dir='ltr'>mensam</span> <span class='ocrx_word' id='word_1_11' title='bbox 1331 238 1482 278; x_wconf 91' lang='lat' dir='ltr'>discur-</span> 
     </span>
     <span class='ocr_line' id='line_1_3' title="bbox 70 294 1482 349; baseline -0.004 -9"><span class='ocrx_word' id='word_1_12' title='bbox 70 311 157 341; x_wconf 83' lang='lat' dir='ltr'>rere</span> <span class='ocrx_word' id='word_1_13' title='bbox 187 303 414 349; x_wconf 85' lang='lat' dir='ltr'>coepcrunt.</span> <span class='ocrx_word' id='word_1_14' title='bbox 453 301 630 336; x_wconf 88' lang='lat' dir='ltr'>secutum</span> <span class='ocrx_word' id='word_1_15' title='bbox 656 299 714 334; x_wconf 90' lang='lat' dir='ltr'>est</span> <span class='ocrx_word' id='word_1_16' title='bbox 732 295 805 334; x_wconf 90' lang='lat' dir='ltr'>hos</span> <span class='ocrx_word' id='word_1_17' title='bbox 835 294 1122 346; x_wconf 85' lang='lat' dir='ltr'>repositorium,</span> <span class='ocrx_word' id='word_1_18' title='bbox 1154 295 1191 334; x_wconf 93' lang='lat' dir='ltr'>in</span> <span class='ocrx_word' id='word_1_19' title='bbox 1225 307 1302 347; x_wconf 90' lang='lat' dir='ltr'>quo</span> <span class='ocrx_word' id='word_1_20' title='bbox 1331 294 1482 347; x_wconf 84' lang='lat' dir='ltr'>positus</span> 
     </span>
     <span class='ocr_line' id='line_1_4' title="bbox 71 350 1481 406; baseline -0.004 -9"><span class='ocrx_word' id='word_1_21' title='bbox 71 362 153 398; x_wconf 86' lang='lat' dir='ltr'>erat</span> <span class='ocrx_word' id='word_1_22' title='bbox 172 354 318 406; x_wconf 83' lang='lat' dir='ltr'>primae</span> <span class='ocrx_word' id='word_1_23' title='bbox 338 351 616 405; x_wconf 85' lang='lat' dir='ltr'><strong>magnitudinis</strong></span> <span class='ocrx_word' id='word_1_24' title='bbox 637 362 743 403; x_wconf 90' lang='lat' dir='ltr'>aper,</span> <span class='ocrx_word' id='word_1_25' title='bbox 764 356 802 390; x_wconf 87' lang='lat' dir='ltr'>et</span> <span class='ocrx_word' id='word_1_26' title='bbox 823 350 978 402; x_wconf 89' lang='lat' dir='ltr'>quidem</span> <span class='ocrx_word' id='word_1_27' title='bbox 998 351 1190 402; x_wconf 88' lang='lat' dir='ltr'>pilleatus,</span> <span class='ocrx_word' id='word_1_28' title='bbox 1212 364 1233 391; x_wconf 92' lang='lat' dir='ltr'>e</span> <span class='ocrx_word' id='word_1_29' title='bbox 1254 351 1364 391; x_wconf 90' lang='lat' dir='ltr'>cuius</span> <span class='ocrx_word' id='word_1_30' title='bbox 1384 350 1481 391; x_wconf 88' lang='lat' dir='ltr'>den-</span> 
     </span>
    </p>

    <p class='ocr_par' dir='ltr' id='par_1_3' title="bbox 15 406 1482 463">
     <span class='ocr_line' id='line_1_5' title="bbox 15 406 1482 463; baseline -0.003 -10"><span class='ocrx_word' id='word_1_31' title='bbox 15 430 20 434; x_wconf 91' lang='lat'>·</span> <span class='ocrx_word' id='word_1_32' title='bbox 69 411 175 454; x_wconf 81' lang='lat' dir='ltr'>tibus</span> <span class='ocrx_word' id='word_1_33' title='bbox 194 410 402 463; x_wconf 85' lang='lat' dir='ltr'>sportellae</span> <span class='ocrx_word' id='word_1_34' title='bbox 423 408 697 461; x_wconf 85' lang='lat' dir='ltr'>dependebant</span> <span class='ocrx_word' id='word_1_35' title='bbox 711 406 810 446; x_wconf 87' lang='lat' dir='ltr'>duae</span> <span class='ocrx_word' id='word_1_36' title='bbox 826 407 1005 458; x_wconf 91' lang='lat' dir='ltr'>palmulis</span> <span class='ocrx_word' id='word_1_37' title='bbox 1021 413 1160 454; x_wconf 83' lang='lat' dir='ltr'>textae,</span> <span class='ocrx_word' id='word_1_38' title='bbox 1182 408 1298 447; x_wconf 87' lang='lat' dir='ltr'>altera</span> <span class='ocrx_word' id='word_1_39' title='bbox 1316 407 1482 460; x_wconf 89' lang='lat' dir='ltr'>caryotis</span> 
     </span>
    </p>

    <p class='ocr_par' dir='ltr' id='par_1_4' title="bbox 20 463 1483 743">
     <span class='ocr_line' id='line_1_6' title="bbox 20 463 1482 517; baseline -0.004 -8"><span class='ocrx_word' id='word_1_40' title='bbox 20 474 43 509; x_wconf 72' lang='grc' dir='ltr'><strong>δ</strong></span> <span class='ocrx_word' id='word_1_41' title='bbox 68 469 186 509; x_wconf 85' lang='lat' dir='ltr'>altera</span> <span class='ocrx_word' id='word_1_42' title='bbox 214 466 402 506; x_wconf 73' lang='lat' dir='ltr'>thebaicis</span> <span class='ocrx_word' id='word_1_43' title='bbox 431 465 589 517; x_wconf 88' lang='lat' dir='ltr'>repleta.</span> <span class='ocrx_word' id='word_1_44' title='bbox 630 464 732 503; x_wconf 88' lang='lat' dir='ltr'>circa</span> <span class='ocrx_word' id='word_1_45' title='bbox 753 468 880 502; x_wconf 88' lang='lat' dir='ltr'>autem</span> <span class='ocrx_word' id='word_1_46' title='bbox 902 463 1074 502; x_wconf 89' lang='lat' dir='ltr'>minores</span> <span class='ocrx_word' id='word_1_47' title='bbox 1095 464 1256 515; x_wconf 89' lang='lat' dir='ltr'>porcelli</span> <span class='ocrx_word' id='word_1_48' title='bbox 1278 476 1324 503; x_wconf 84' lang='lat' dir='ltr'>ex</span> <span class='ocrx_word' id='word_1_49' title='bbox 1345 469 1482 515; x_wconf 89' lang='lat' dir='ltr'>copto-</span> 
     </span>
     <span class='ocr_line' id='line_1_7' title="bbox 68 519 1483 578; baseline -0.003 -14"><span class='ocrx_word' id='word_1_50' title='bbox 68 523 257 578; x_wconf 79' lang='lat' dir='ltr'>placentis</span> <span class='ocrx_word' id='word_1_51' title='bbox 278 522 382 570; x_wconf 86' lang='lat' dir='ltr'>sacti,</span> <span class='ocrx_word' id='word_1_52' title='bbox 403 522 512 573; x_wconf 87' lang='lat' dir='ltr'>quasi</span> <span class='ocrx_word' id='word_1_53' title='bbox 533 520 720 560; x_wconf 90' lang='lat' dir='ltr'>uberibus</span> <span class='ocrx_word' id='word_1_54' title='bbox 741 519 1002 566; x_wconf 89' lang='lat' dir='ltr'>imminerent,</span> <span class='ocrx_word' id='word_1_55' title='bbox 1025 520 1190 559; x_wconf 83' lang='lat' dir='ltr'>scrofam</span> <span class='ocrx_word' id='word_1_56' title='bbox 1213 532 1296 560; x_wconf 91' lang='lat' dir='ltr'>esse</span> <span class='ocrx_word' id='word_1_57' title='bbox 1317 520 1483 571; x_wconf 89' lang='lat' dir='ltr'>positam</span> 
     </span>
     <span class='ocr_line' id='line_1_8' title="bbox 68 576 1482 633; baseline -0.003 -13"><span class='ocrx_word' id='word_1_58' title='bbox 68 579 349 633; x_wconf 83' lang='lat' dir='ltr'>significabant.</span> <span class='ocrx_word' id='word_1_59' title='bbox 382 584 419 618; x_wconf 90' lang='lat' dir='ltr'>et</span> <span class='ocrx_word' id='word_1_60' title='bbox 439 578 478 618; x_wconf 93' lang='lat' dir='ltr'>hi</span> <span class='ocrx_word' id='word_1_61' title='bbox 498 577 655 630; x_wconf 87' lang='lat' dir='ltr'>quidem</span> <span class='ocrx_word' id='word_1_62' title='bbox 675 576 904 628; x_wconf 88' lang='lat' dir='ltr'>apophoreti</span> <span class='ocrx_word' id='word_1_63' title='bbox 924 576 1095 615; x_wconf 84' lang='lat' dir='ltr'>fuerunt.</span> <span class='ocrx_word' id='word_1_64' title='bbox 1126 582 1298 615; x_wconf 88' lang='lat' dir='ltr'>ceterum</span> <span class='ocrx_word' id='word_1_65' title='bbox 1315 576 1359 615; x_wconf 87' lang='lat' dir='ltr'>ad</span> <span class='ocrx_word' id='word_1_66' title='bbox 1377 577 1482 616; x_wconf 90' lang='lat' dir='ltr'>scin-</span> 
     </span>
     <span class='ocr_line' id='line_1_9' title="bbox 68 632 1483 688; baseline -0.004 -11"><span class='ocrx_word' id='word_1_67' title='bbox 68 637 236 678; x_wconf 87' lang='lat' dir='ltr'>dendum</span> <span class='ocrx_word' id='word_1_68' title='bbox 255 646 392 688; x_wconf 90' lang='lat' dir='ltr'>aprum</span> <span class='ocrx_word' id='word_1_69' title='bbox 409 647 488 674; x_wconf 90' lang='lat' dir='ltr'>non</span> <span class='ocrx_word' id='word_1_70' title='bbox 506 634 569 673; x_wconf 91' lang='lat' dir='ltr'>ille</span> <span class='ocrx_word' id='word_1_71' title='bbox 586 633 732 685; x_wconf 88' lang='lat' dir='ltr'>Carpus</span> <span class='ocrx_word' id='word_1_72' title='bbox 749 632 921 680; x_wconf 84' lang='lat' dir='ltr'>accessit,</span> <span class='ocrx_word' id='word_1_73' title='bbox 939 632 1004 684; x_wconf 92' lang='lat' dir='ltr'>qui</span> <span class='ocrx_word' id='word_1_74' title='bbox 1021 632 1137 671; x_wconf 88' lang='lat' dir='ltr'>altilia</span> <span class='ocrx_word' id='word_1_75' title='bbox 1153 632 1398 680; x_wconf 88' lang='lat' dir='ltr'>laceraverat,</span> <span class='ocrx_word' id='word_1_76' title='bbox 1415 632 1483 672; x_wconf 90' lang='lat' dir='ltr'>sed</span> 
     </span>
     <span class='ocr_line' id='line_1_10' title="bbox 68 688 1481 743; baseline -0.004 -10"><span class='ocrx_word' id='word_1_77' title='bbox 68 693 252 734; x_wconf 90' lang='lat' dir='ltr'>barbatus</span> <span class='ocrx_word' id='word_1_78' title='bbox 281 693 441 743; x_wconf 87' lang='lat' dir='ltr'>ingens,</span> <span class='ocrx_word' id='word_1_79' title='bbox 472 690 600 730; x_wconf 83' lang='lat' dir='ltr'>fasciis</span> <span class='ocrx_word' id='word_1_80' title='bbox 629 688 846 729; x_wconf 85' lang='lat' dir='ltr'>cruralibus</span> <span class='ocrx_word' id='word_1_81' title='bbox 875 688 1053 740; x_wconf 86' lang='lat' dir='ltr'>alligatus</span> <span class='ocrx_word' id='word_1_82' title='bbox 1074 694 1112 728; x_wconf 86' lang='lat' dir='ltr'>et</span> <span class='ocrx_word' id='word_1_83' title='bbox 1132 688 1268 728; x_wconf 86' lang='lat' dir='ltr'>alicula</span> <span class='ocrx_word' id='word_1_84' title='bbox 1288 688 1481 728; x_wconf 89' lang='lat' dir='ltr'>suborna-</span> 
     </span>
    </p>

    <p class='ocr_par' dir='ltr' id='par_1_5' title="bbox 21 744 1483 801">
     <span class='ocr_line' id='line_1_11' title="bbox 21 744 1483 801; baseline -0.004 -11"><span class='ocrx_word' id='word_1_85' title='bbox 21 756 46 790; x_wconf 75' lang='grc' dir='ltr'><strong>θ</strong></span> <span class='ocrx_word' id='word_1_86' title='bbox 67 755 131 790; x_wconf 90' lang='lat' dir='ltr'>tus</span> <span class='ocrx_word' id='word_1_87' title='bbox 158 748 364 801; x_wconf 88' lang='lat' dir='ltr'>polymita,</span> <span class='ocrx_word' id='word_1_88' title='bbox 394 747 607 798; x_wconf 87' lang='lat' dir='ltr'>strictoque</span> <span class='ocrx_word' id='word_1_89' title='bbox 637 745 834 785; x_wconf 88' lang='lat' dir='ltr'>venatorio</span> <span class='ocrx_word' id='word_1_90' title='bbox 860 744 985 784; x_wconf 90' lang='lat' dir='ltr'>cultro</span> <span class='ocrx_word' id='word_1_91' title='bbox 1007 745 1106 784; x_wconf 86' lang='lat' dir='ltr'>latus</span> <span class='ocrx_word' id='word_1_92' title='bbox 1127 745 1211 797; x_wconf 89' lang='lat' dir='ltr'>apri</span> <span class='ocrx_word' id='word_1_93' title='bbox 1231 745 1483 784; x_wconf 87' lang='lat' dir='ltr'>vehementer</span> 
     </span>
    </p>

    <p class='ocr_par' dir='ltr' id='par_1_6' title="bbox 67 801 1482 858">
     <span class='ocr_line' id='line_1_12' title="bbox 67 801 1482 858; baseline -0.004 -12"><span class='ocrx_word' id='word_1_94' title='bbox 67 806 272 858; x_wconf 86' lang='lat' dir='ltr'>percussit,</span> <span class='ocrx_word' id='word_1_95' title='bbox 294 817 340 843; x_wconf 85' lang='lat' dir='ltr'>ex</span> <span class='ocrx_word' id='word_1_96' title='bbox 361 804 472 843; x_wconf 93' lang='lat' dir='ltr'>cuius</span> <span class='ocrx_word' id='word_1_97' title='bbox 491 803 604 855; x_wconf 84' lang='lat' dir='ltr'>plaga</span> <span class='ocrx_word' id='word_1_98' title='bbox 624 801 728 842; x_wconf 90' lang='lat' dir='ltr'>turdi</span> <span class='ocrx_word' id='word_1_99' title='bbox 749 801 1008 841; x_wconf 87' lang='lat' dir='ltr'>evolaverunt.</span> <span class='ocrx_word' id='word_1_100' title='bbox 1048 801 1173 853; x_wconf 88' lang='lat' dir='ltr'>parati</span> <span class='ocrx_word' id='word_1_101' title='bbox 1194 813 1364 853; x_wconf 88' lang='lat' dir='ltr'>aucupes</span> <span class='ocrx_word' id='word_1_102' title='bbox 1393 813 1482 842; x_wconf 92' lang='lat' dir='ltr'>cum</span> 
     </span>
    </p>

    <p class='ocr_par' dir='ltr' id='par_1_7' title="bbox 46 857 1482 1081">
     <span class='ocr_line' id='line_1_13' title="bbox 66 857 1481 902; baseline -0.003 0"><span class='ocrx_word' id='word_1_103' title='bbox 66 861 350 902; x_wconf 88' lang='lat' dir='ltr'>harundinibus</span> <span class='ocrx_word' id='word_1_104' title='bbox 380 861 540 899; x_wconf 80' lang='lat' dir='ltr'>fuerunt</span> <span class='ocrx_word' id='word_1_105' title='bbox 560 865 598 899; x_wconf 90' lang='lat' dir='ltr'>et</span> <span class='ocrx_word' id='word_1_106' title='bbox 618 871 685 898; x_wconf 90' lang='lat' dir='ltr'>eos</span> <span class='ocrx_word' id='word_1_107' title='bbox 706 858 808 897; x_wconf 90' lang='lat' dir='ltr'>circa</span> <span class='ocrx_word' id='word_1_108' title='bbox 828 858 1040 897; x_wconf 88' lang='lat' dir='ltr'>triclinium</span> <span class='ocrx_word' id='word_1_109' title='bbox 1061 857 1263 898; x_wconf 87' lang='lat' dir='ltr'>volitantes</span> <span class='ocrx_word' id='word_1_110' title='bbox 1283 863 1481 898; x_wconf 88' lang='lat' dir='ltr'>momento</span> 
     </span>
     <span class='ocr_line' id='line_1_14' title="bbox 67 914 1480 969; baseline -0.003 -11"><span class='ocrx_word' id='word_1_111' title='bbox 67 922 318 969; x_wconf 87' lang='lat' dir='ltr'>exceperunt.</span> <span class='ocrx_word' id='word_1_112' title='bbox 358 916 448 956; x_wconf 91' lang='lat' dir='ltr'>inde</span> <span class='ocrx_word' id='word_1_113' title='bbox 474 928 563 956; x_wconf 91' lang='lat' dir='ltr'>cum</span> <span class='ocrx_word' id='word_1_114' title='bbox 584 927 697 955; x_wconf 90' lang='lat' dir='ltr'>suum</span> <span class='ocrx_word' id='word_1_115' title='bbox 719 914 860 965; x_wconf 92' lang='lat' dir='ltr'>cuique</span> <span class='ocrx_word' id='word_1_116' title='bbox 881 914 1055 954; x_wconf 91' lang='lat' dir='ltr'>iussisset</span> <span class='ocrx_word' id='word_1_117' title='bbox 1074 914 1212 953; x_wconf 84' lang='lat' dir='ltr'>referri</span> <span class='ocrx_word' id='word_1_118' title='bbox 1234 914 1480 963; x_wconf 86' lang='lat' dir='ltr'>Trimalchio,</span> 
     </span>
     <span class='ocr_line' id='line_1_15' title="bbox 67 970 1480 1023; baseline -0.004 -9"><span class='ocrx_word' id='word_1_119' title='bbox 67 974 224 1014; x_wconf 88' lang='lat' dir='ltr'>adiecit:</span> <span class='ocrx_word' id='word_1_120' title='bbox 257 973 383 1012; x_wconf 89' lang='lat' dir='ltr'>‘etiam</span> <span class='ocrx_word' id='word_1_121' title='bbox 413 972 559 1019; x_wconf 88' lang='lat' dir='ltr'>videte,</span> <span class='ocrx_word' id='word_1_122' title='bbox 592 982 707 1023; x_wconf 90' lang='lat' dir='ltr'>quam</span> <span class='ocrx_word' id='word_1_123' title='bbox 737 983 882 1022; x_wconf 90' lang='lat' dir='ltr'>porcus</span> <span class='ocrx_word' id='word_1_124' title='bbox 912 970 974 1010; x_wconf 89' lang='lat' dir='ltr'>ille</span> <span class='ocrx_word' id='word_1_125' title='bbox 999 970 1192 1010; x_wconf 89' lang='lat' dir='ltr'>silvaticus</span> <span class='ocrx_word' id='word_1_126' title='bbox 1212 970 1329 1009; x_wconf 90' lang='lat' dir='ltr'>lotam</span> <span class='ocrx_word' id='word_1_127' title='bbox 1351 983 1480 1010; x_wconf 91' lang='lat' dir='ltr'>come-</span> 
     </span>
     <span class='ocr_line' id='line_1_16' title="bbox 46 1026 1482 1081; baseline -0.003 -11"><span class='ocrx_word' id='word_1_128' title='bbox 46 1030 165 1071; x_wconf 86' lang='lat' dir='ltr'>5derit</span> <span class='ocrx_word' id='word_1_129' title='bbox 184 1028 389 1081; x_wconf 85' lang='lat' dir='ltr'>glandem&#39;.</span> <span class='ocrx_word' id='word_1_130' title='bbox 419 1028 547 1068; x_wconf 89' lang='lat' dir='ltr'>statim</span> <span class='ocrx_word' id='word_1_131' title='bbox 568 1027 679 1079; x_wconf 92' lang='lat' dir='ltr'>pueri</span> <span class='ocrx_word' id='word_1_132' title='bbox 700 1026 746 1066; x_wconf 92' lang='lat' dir='ltr'>ad</span> <span class='ocrx_word' id='word_1_133' title='bbox 765 1026 968 1078; x_wconf 87' lang='lat' dir='ltr'>sportellas</span> <span class='ocrx_word' id='word_1_134' title='bbox 984 1032 1244 1074; x_wconf 89' lang='lat' dir='ltr'>accesserunt,</span> <span class='ocrx_word' id='word_1_135' title='bbox 1269 1039 1367 1078; x_wconf 89' lang='lat' dir='ltr'>quae</span> <span class='ocrx_word' id='word_1_136' title='bbox 1382 1039 1482 1078; x_wconf 90' lang='lat' dir='ltr'>pen-</span> 
     </span>
    </p>

    <p class='ocr_par' dir='ltr' id='par_1_8' title="bbox 67 1082 1481 1135">
     <span class='ocr_line' id='line_1_17' title="bbox 67 1082 1481 1135; baseline -0.004 -8"><span class='ocrx_word' id='word_1_137' title='bbox 67 1086 210 1128; x_wconf 87' lang='lat' dir='ltr'>debant</span> <span class='ocrx_word' id='word_1_138' title='bbox 239 1097 260 1124; x_wconf 94' lang='lat' dir='ltr'>e</span> <span class='ocrx_word' id='word_1_139' title='bbox 289 1084 488 1132; x_wconf 88' lang='lat' dir='ltr'>dentibus,</span> <span class='ocrx_word' id='word_1_140' title='bbox 518 1083 794 1134; x_wconf 89' lang='lat' dir='ltr'>thebaicasque</span> <span class='ocrx_word' id='word_1_141' title='bbox 823 1088 862 1121; x_wconf 88' lang='lat' dir='ltr'>et</span> <span class='ocrx_word' id='word_1_142' title='bbox 889 1088 1065 1135; x_wconf 83' lang='lat' dir='ltr'>caryotas</span> <span class='ocrx_word' id='word_1_143' title='bbox 1089 1083 1134 1122; x_wconf 89' lang='lat' dir='ltr'>ad</span> <span class='ocrx_word' id='word_1_144' title='bbox 1158 1095 1366 1122; x_wconf 88' lang='lat' dir='ltr'>numerum</span> <span class='ocrx_word' id='word_1_145' title='bbox 1385 1082 1481 1122; x_wconf 89' lang='lat' dir='ltr'>divi-</span> 
     </span>
    </p>

    <p class='ocr_par' dir='ltr' id='par_1_9' title="bbox 65 1139 1544 1192">
     <span class='ocr_line' id='line_1_18' title="bbox 65 1139 1544 1192; baseline -0.002 -9"><span class='ocrx_word' id='word_1_146' title='bbox 65 1155 150 1184; x_wconf 83' lang='lat' dir='ltr'>sere</span> <span class='ocrx_word' id='word_1_147' title='bbox 174 1141 417 1182; x_wconf 88' lang='lat' dir='ltr'>cenantibus.</span> <span class='ocrx_word' id='word_1_148' title='bbox 457 1141 614 1180; x_wconf 90' lang='lat' dir='ltr'>interim</span> <span class='ocrx_word' id='word_1_149' title='bbox 635 1152 729 1192; x_wconf 86' lang='lat' dir='ltr'>ego,</span> <span class='ocrx_word' id='word_1_150' title='bbox 759 1139 826 1190; x_wconf 90' lang='lat' dir='ltr'>qui</span> <span class='ocrx_word' id='word_1_151' title='bbox 847 1139 1037 1190; x_wconf 86' lang='lat' dir='ltr'>privatum</span> <span class='ocrx_word' id='word_1_152' title='bbox 1059 1139 1247 1178; x_wconf 90' lang='lat' dir='ltr'>habebam</span> <span class='ocrx_word' id='word_1_153' title='bbox 1269 1151 1480 1188; x_wconf 89' lang='lat' dir='ltr'>secessum,</span> <span class='ocrx_word' id='word_1_154' title='bbox 1494 1141 1544 1180; x_wconf 88' lang='grc'>41</span> 
     </span>
    </p>

    <p class='ocr_par' dir='ltr' id='par_1_10' title="bbox 66 1195 1483 1250">
     <span class='ocr_line' id='line_1_19' title="bbox 66 1195 1483 1250; baseline -0.004 -11"><span class='ocrx_word' id='word_1_155' title='bbox 66 1199 106 1240; x_wconf 91' lang='lat' dir='ltr'>in</span> <span class='ocrx_word' id='word_1_156' title='bbox 136 1198 277 1239; x_wconf 87' lang='lat' dir='ltr'>multas</span> <span class='ocrx_word' id='word_1_157' title='bbox 307 1197 558 1250; x_wconf 87' lang='lat' dir='ltr'>cogitationes</span> <span class='ocrx_word' id='word_1_158' title='bbox 588 1197 777 1236; x_wconf 91' lang='lat' dir='ltr'>deductus</span> <span class='ocrx_word' id='word_1_159' title='bbox 806 1207 916 1243; x_wconf 91' lang='lat' dir='ltr'>sum,</span> <span class='ocrx_word' id='word_1_160' title='bbox 948 1207 1066 1247; x_wconf 88' lang='lat' dir='ltr'>quare</span> <span class='ocrx_word' id='word_1_161' title='bbox 1098 1207 1192 1247; x_wconf 92' lang='lat' dir='ltr'>aper</span> <span class='ocrx_word' id='word_1_162' title='bbox 1212 1195 1392 1247; x_wconf 88' lang='lat' dir='ltr'>pilleatus</span> <span class='ocrx_word' id='word_1_163' title='bbox 1421 1195 1483 1235; x_wconf 92' lang='lat' dir='ltr'>in-</span> 
     </span>
    </p>

    <p class='ocr_par' dir='ltr' id='par_1_11' title="bbox 64 1251 1483 1688">
     <span class='ocr_line' id='line_1_20' title="bbox 65 1251 1481 1306; baseline -0.004 -10"><span class='ocrx_word' id='word_1_164' title='bbox 65 1260 215 1296; x_wconf 86' lang='lat' dir='ltr'>trasset.</span> <span class='ocrx_word' id='word_1_165' title='bbox 254 1261 458 1306; x_wconf 88' lang='lat' dir='ltr'>postquam</span> <span class='ocrx_word' id='word_1_166' title='bbox 490 1254 618 1304; x_wconf 86' lang='lat' dir='ltr'>itaque</span> <span class='ocrx_word' id='word_1_167' title='bbox 649 1252 776 1292; x_wconf 89' lang='lat' dir='ltr'>omnis</span> <span class='ocrx_word' id='word_1_168' title='bbox 806 1251 1019 1292; x_wconf 88' lang='lat' dir='ltr'>bacalusias</span> <span class='ocrx_word' id='word_1_169' title='bbox 1050 1251 1297 1303; x_wconf 90' lang='lat' dir='ltr'>consumpsi,</span> <span class='ocrx_word' id='word_1_170' title='bbox 1328 1252 1481 1291; x_wconf 87' lang='lat' dir='ltr'>decrevi</span> 
     </span>
     <span class='ocr_line' id='line_1_21' title="bbox 66 1308 1483 1362; baseline -0.004 -10"><span class='ocrx_word' id='word_1_171' title='bbox 66 1311 306 1362; x_wconf 82' lang='lat' dir='ltr'>interrogare</span> <span class='ocrx_word' id='word_1_172' title='bbox 345 1310 453 1350; x_wconf 89' lang='lat' dir='ltr'>illum</span> <span class='ocrx_word' id='word_1_173' title='bbox 485 1310 739 1361; x_wconf 90' lang='lat' dir='ltr'>interpretem</span> <span class='ocrx_word' id='word_1_174' title='bbox 771 1321 923 1356; x_wconf 86' lang='lat' dir='ltr'>meum,</span> <span class='ocrx_word' id='word_1_175' title='bbox 963 1308 1067 1360; x_wconf 93' lang='lat' dir='ltr'>quod</span> <span class='ocrx_word' id='word_1_176' title='bbox 1098 1320 1160 1347; x_wconf 91' lang='lat' dir='ltr'>me</span> <span class='ocrx_word' id='word_1_177' title='bbox 1190 1314 1404 1359; x_wconf 87' lang='lat' dir='ltr'>torqueret.</span> <span class='ocrx_word' id='word_1_178' title='bbox 1444 1313 1483 1348; x_wconf 86' lang='lat' dir='ltr'>at</span> 
     </span>
     <span class='ocr_line' id='line_1_22' title="bbox 65 1364 1483 1419; baseline -0.004 -11"><span class='ocrx_word' id='word_1_179' title='bbox 65 1367 149 1408; x_wconf 88' lang='lat' dir='ltr'>ille:</span> <span class='ocrx_word' id='word_1_180' title='bbox 187 1369 315 1419; x_wconf 86' lang='lat' dir='ltr'>‘plane</span> <span class='ocrx_word' id='word_1_181' title='bbox 346 1367 459 1406; x_wconf 88' lang='lat' dir='ltr'>etiam</span> <span class='ocrx_word' id='word_1_182' title='bbox 490 1367 564 1406; x_wconf 92' lang='lat' dir='ltr'>hoc</span> <span class='ocrx_word' id='word_1_183' title='bbox 595 1377 729 1405; x_wconf 90' lang='lat' dir='ltr'>servus</span> <span class='ocrx_word' id='word_1_184' title='bbox 757 1370 848 1404; x_wconf 90' lang='lat' dir='ltr'>tuus</span> <span class='ocrx_word' id='word_1_185' title='bbox 878 1364 1049 1404; x_wconf 89' lang='lat' dir='ltr'>indicare</span> <span class='ocrx_word' id='word_1_186' title='bbox 1079 1370 1232 1416; x_wconf 88' lang='lat' dir='ltr'>potest;</span> <span class='ocrx_word' id='word_1_187' title='bbox 1264 1377 1344 1404; x_wconf 92' lang='lat' dir='ltr'>non</span> <span class='ocrx_word' id='word_1_188' title='bbox 1377 1364 1483 1404; x_wconf 89' lang='lat' dir='ltr'>enim</span> 
     </span>
     <span class='ocr_line' id='line_1_23' title="bbox 65 1421 1483 1476; baseline -0.003 -12"><span class='ocrx_word' id='word_1_189' title='bbox 65 1424 239 1476; x_wconf 86' lang='lat' dir='ltr'>aenigma</span> <span class='ocrx_word' id='word_1_190' title='bbox 261 1428 331 1471; x_wconf 87' lang='lat' dir='ltr'>est,</span> <span class='ocrx_word' id='word_1_191' title='bbox 352 1423 419 1463; x_wconf 90' lang='lat' dir='ltr'>sed</span> <span class='ocrx_word' id='word_1_192' title='bbox 441 1435 502 1462; x_wconf 91' lang='lat' dir='ltr'>res</span> <span class='ocrx_word' id='word_1_193' title='bbox 523 1427 667 1474; x_wconf 89' lang='lat' dir='ltr'>aperta.</span> <span class='ocrx_word' id='word_1_194' title='bbox 699 1421 762 1460; x_wconf 91' lang='lat' dir='ltr'>hic</span> <span class='ocrx_word' id='word_1_195' title='bbox 778 1433 884 1472; x_wconf 90' lang='lat' dir='ltr'>aper,</span> <span class='ocrx_word' id='word_1_196' title='bbox 907 1433 994 1460; x_wconf 89' lang='lat' dir='ltr'>cum</span> <span class='ocrx_word' id='word_1_197' title='bbox 1011 1421 1095 1460; x_wconf 87' lang='lat' dir='ltr'>heri</span> <span class='ocrx_word' id='word_1_198' title='bbox 1112 1433 1262 1461; x_wconf 90' lang='lat' dir='ltr'>summa</span> <span class='ocrx_word' id='word_1_199' title='bbox 1278 1433 1375 1460; x_wconf 90' lang='lat' dir='ltr'>cena</span> <span class='ocrx_word' id='word_1_200' title='bbox 1394 1433 1483 1460; x_wconf 91' lang='lat' dir='ltr'>eum</span> 
     </span>
     <span class='ocr_line' id='line_1_24' title="bbox 64 1476 1481 1528; baseline -0.004 -8"><span class='ocrx_word' id='word_1_201' title='bbox 64 1481 313 1527; x_wconf 83' lang='lat' dir='ltr'>vindicasset,</span> <span class='ocrx_word' id='word_1_202' title='bbox 344 1491 363 1518; x_wconf 92' lang='lat' dir='ltr'>a</span> <span class='ocrx_word' id='word_1_203' title='bbox 385 1479 556 1519; x_wconf 91' lang='lat' dir='ltr'>convivis</span> <span class='ocrx_word' id='word_1_204' title='bbox 576 1478 756 1517; x_wconf 92' lang='lat' dir='ltr'>dimissus</span> <span class='ocrx_word' id='word_1_205' title='bbox 776 1484 845 1525; x_wconf 82' lang='lat' dir='ltr'>est3</span> <span class='ocrx_word' id='word_1_206' title='bbox 870 1477 999 1528; x_wconf 89' lang='lat' dir='ltr'>itaque</span> <span class='ocrx_word' id='word_1_207' title='bbox 1021 1477 1135 1517; x_wconf 92' lang='lat' dir='ltr'>hodie</span> <span class='ocrx_word' id='word_1_208' title='bbox 1157 1484 1342 1528; x_wconf 87' lang='lat' dir='ltr'>tanquam</span> <span class='ocrx_word' id='word_1_209' title='bbox 1363 1476 1481 1516; x_wconf 90' lang='lat' dir='ltr'>liber-</span> 
     </span>
     <span class='ocr_line' id='line_1_25' title="bbox 65 1533 1483 1585; baseline -0.003 -8"><span class='ocrx_word' id='word_1_210' title='bbox 65 1542 128 1577; x_wconf 79' lang='lat' dir='ltr'>tus</span> <span class='ocrx_word' id='word_1_211' title='bbox 157 1537 196 1576; x_wconf 92' lang='lat' dir='ltr'>in</span> <span class='ocrx_word' id='word_1_212' title='bbox 228 1536 446 1575; x_wconf 89' lang='lat' dir='ltr'>convivium</span> <span class='ocrx_word' id='word_1_213' title='bbox 476 1533 707 1574; x_wconf 89' lang='lat' dir='ltr'>revertitur&#39;.</span> <span class='ocrx_word' id='word_1_214' title='bbox 748 1533 923 1572; x_wconf 89' lang='lat' dir='ltr'>damnavi</span> <span class='ocrx_word' id='word_1_215' title='bbox 954 1546 1025 1585; x_wconf 84' lang='lat' dir='ltr'>ego</span> <span class='ocrx_word' id='word_1_216' title='bbox 1056 1539 1256 1585; x_wconf 87' lang='lat' dir='ltr'>stuporem</span> <span class='ocrx_word' id='word_1_217' title='bbox 1287 1544 1418 1572; x_wconf 91' lang='lat' dir='ltr'>meum</span> <span class='ocrx_word' id='word_1_218' title='bbox 1444 1538 1483 1573; x_wconf 90' lang='lat' dir='ltr'>et</span> 
     </span>
     <span class='ocr_line' id='line_1_26' title="bbox 67 1589 1482 1643; baseline -0.002 -11"><span class='ocrx_word' id='word_1_219' title='bbox 67 1592 163 1632; x_wconf 89' lang='lat' dir='ltr'>nihil</span> <span class='ocrx_word' id='word_1_220' title='bbox 191 1592 358 1643; x_wconf 91' lang='lat' dir='ltr'>amplius</span> <span class='ocrx_word' id='word_1_221' title='bbox 387 1590 644 1642; x_wconf 84' lang='lat' dir='ltr'>interrogavi,</span> <span class='ocrx_word' id='word_1_222' title='bbox 676 1602 725 1629; x_wconf 89' lang='lat' dir='ltr'>ne</span> <span class='ocrx_word' id='word_1_223' title='bbox 755 1589 908 1629; x_wconf 87' lang='lat' dir='ltr'>viderer</span> <span class='ocrx_word' id='word_1_224' title='bbox 938 1602 1139 1641; x_wconf 90' lang='lat' dir='ltr'>nunquam</span> <span class='ocrx_word' id='word_1_225' title='bbox 1171 1589 1274 1629; x_wconf 87' lang='lat' dir='ltr'>inter</span> <span class='ocrx_word' id='word_1_226' title='bbox 1295 1589 1482 1630; x_wconf 88' lang='lat' dir='ltr'>honestos</span> 
     </span>
     <span class='ocr_line' id='line_1_27' title="bbox 67 1661 237 1688; baseline 0 0"><span class='ocrx_word' id='word_1_227' title='bbox 67 1661 237 1688; x_wconf 88' lang='lat' dir='ltr'>cenasse.</span> 
     </span>
    </p>

    <p class='ocr_par' dir='ltr' id='par_1_12' title="bbox 64 1701 1480 2146">
     <span class='ocr_line' id='line_1_28' title="bbox 177 1701 1480 1754; baseline -0.003 -10"><span class='ocrx_word' id='word_1_228' title='bbox 177 1705 268 1744; x_wconf 89' lang='lat' dir='ltr'>dum</span> <span class='ocrx_word' id='word_1_229' title='bbox 289 1704 384 1743; x_wconf 89' lang='lat' dir='ltr'>haec</span> <span class='ocrx_word' id='word_1_230' title='bbox 405 1703 622 1754; x_wconf 89' lang='lat' dir='ltr'>loquimur,</span> <span class='ocrx_word' id='word_1_231' title='bbox 645 1714 744 1754; x_wconf 91' lang='lat' dir='ltr'>puer</span> <span class='ocrx_word' id='word_1_232' title='bbox 764 1701 985 1752; x_wconf 88' lang='lat' dir='ltr'>speciosus,</span> <span class='ocrx_word' id='word_1_233' title='bbox 1007 1701 1149 1741; x_wconf 92' lang='lat' dir='ltr'>vitibus</span> <span class='ocrx_word' id='word_1_234' title='bbox 1169 1701 1401 1753; x_wconf 88' lang='lat' dir='ltr'>hederisque</span> <span class='ocrx_word' id='word_1_235' title='bbox 1418 1714 1480 1741; x_wconf 89' lang='lat' dir='ltr'>re-</span> 
     </span>
     <span class='ocr_line' id='line_1_29' title="bbox 66 1757 1479 1809; baseline -0.001 -9"><span class='ocrx_word' id='word_1_236' title='bbox 66 1760 238 1808; x_wconf 89' lang='lat' dir='ltr'>dimitus,</span> <span class='ocrx_word' id='word_1_237' title='bbox 269 1760 383 1799; x_wconf 91' lang='lat' dir='ltr'>modo</span> <span class='ocrx_word' id='word_1_238' title='bbox 405 1759 616 1806; x_wconf 88' lang='lat' dir='ltr'>Bromium,</span> <span class='ocrx_word' id='word_1_239' title='bbox 646 1757 843 1796; x_wconf 87' lang='lat' dir='ltr'>interdum</span> <span class='ocrx_word' id='word_1_240' title='bbox 865 1757 1034 1809; x_wconf 84' lang='lat' dir='ltr'>Lyaeum</span> <span class='ocrx_word' id='word_1_241' title='bbox 1055 1757 1302 1809; x_wconf 87' lang='lat' dir='ltr'>Euhiumque</span> <span class='ocrx_word' id='word_1_242' title='bbox 1324 1758 1479 1798; x_wconf 85' lang='lat' dir='ltr'>confes-</span> 
     </span>
     <span class='ocr_line' id='line_1_30' title="bbox 66 1814 1479 1866; baseline -0.001 -10"><span class='ocrx_word' id='word_1_243' title='bbox 66 1829 153 1864; x_wconf 87' lang='lat' dir='ltr'>sus,</span> <span class='ocrx_word' id='word_1_244' title='bbox 183 1816 388 1856; x_wconf 87' lang='lat' dir='ltr'>calathisco</span> <span class='ocrx_word' id='word_1_245' title='bbox 418 1827 510 1855; x_wconf 90' lang='lat' dir='ltr'>uvas</span> <span class='ocrx_word' id='word_1_246' title='bbox 539 1814 776 1854; x_wconf 90' lang='lat' dir='ltr'>circumtulit</span> <span class='ocrx_word' id='word_1_247' title='bbox 796 1819 834 1852; x_wconf 93' lang='lat' dir='ltr'>et</span> <span class='ocrx_word' id='word_1_248' title='bbox 855 1819 1032 1866; x_wconf 89' lang='lat' dir='ltr'>poemata</span> <span class='ocrx_word' id='word_1_249' title='bbox 1052 1814 1200 1853; x_wconf 91' lang='lat' dir='ltr'>domini</span> <span class='ocrx_word' id='word_1_250' title='bbox 1220 1814 1280 1853; x_wconf 93' lang='lat' dir='ltr'>sui</span> <span class='ocrx_word' id='word_1_251' title='bbox 1304 1814 1479 1854; x_wconf 89' lang='lat' dir='ltr'>acutissi-</span> 
     </span>
     <span class='ocr_line' id='line_1_31' title="bbox 65 1870 1479 1921; baseline -0.003 -8"><span class='ocrx_word' id='word_1_252' title='bbox 65 1884 126 1913; x_wconf 89' lang='lat' dir='ltr'>ma</span> <span class='ocrx_word' id='word_1_253' title='bbox 154 1885 247 1912; x_wconf 91' lang='lat' dir='ltr'>voce</span> <span class='ocrx_word' id='word_1_254' title='bbox 278 1871 457 1911; x_wconf 84' lang='lat' dir='ltr'>traduxit.</span> <span class='ocrx_word' id='word_1_255' title='bbox 498 1871 543 1910; x_wconf 91' lang='lat' dir='ltr'>ad</span> <span class='ocrx_word' id='word_1_256' title='bbox 575 1882 690 1921; x_wconf 89' lang='lat' dir='ltr'>quem</span> <span class='ocrx_word' id='word_1_257' title='bbox 721 1881 859 1909; x_wconf 87' lang='lat' dir='ltr'>sonum</span> <span class='ocrx_word' id='word_1_258' title='bbox 884 1881 1095 1910; x_wconf 90' lang='lat' dir='ltr'>conversus</span> <span class='ocrx_word' id='word_1_259' title='bbox 1118 1870 1352 1910; x_wconf 88' lang='lat' dir='ltr'>Trimalchio</span> <span class='ocrx_word' id='word_1_260' title='bbox 1375 1870 1479 1910; x_wconf 89' lang='lat' dir='ltr'>‘Dio-</span> 
     </span>
     <span class='ocr_line' id='line_1_32' title="bbox 66 1926 1480 1981; baseline -0.003 -12"><span class='ocrx_word' id='word_1_261' title='bbox 66 1928 172 1981; x_wconf 84' lang='lat' dir='ltr'>nyse&#39;</span> <span class='ocrx_word' id='word_1_262' title='bbox 202 1928 328 1980; x_wconf 90' lang='lat' dir='ltr'>inquit</span> <span class='ocrx_word' id='word_1_263' title='bbox 357 1927 469 1967; x_wconf 87' lang='lat' dir='ltr'>‘liber</span> <span class='ocrx_word' id='word_1_264' title='bbox 498 1926 606 1967; x_wconf 86' lang='lat' dir='ltr'>esto&#39;.</span> <span class='ocrx_word' id='word_1_265' title='bbox 646 1938 745 1978; x_wconf 88' lang='lat' dir='ltr'>puer</span> <span class='ocrx_word' id='word_1_266' title='bbox 774 1926 939 1965; x_wconf 86' lang='lat' dir='ltr'>detraxit</span> <span class='ocrx_word' id='word_1_267' title='bbox 970 1926 1128 1978; x_wconf 91' lang='lat' dir='ltr'>pilleum</span> <span class='ocrx_word' id='word_1_268' title='bbox 1159 1938 1254 1978; x_wconf 91' lang='lat' dir='ltr'>apro</span> <span class='ocrx_word' id='word_1_269' title='bbox 1285 1926 1480 1978; x_wconf 90' lang='lat' dir='ltr'>capitique</span> 
     </span>
     <span class='ocr_line' id='line_1_33' title="bbox 65 1982 1480 2037; baseline -0.003 -11"><span class='ocrx_word' id='word_1_270' title='bbox 65 1997 136 2026; x_wconf 80' lang='lat' dir='ltr'>suo</span> <span class='ocrx_word' id='word_1_271' title='bbox 171 1984 365 2037; x_wconf 90' lang='lat' dir='ltr'>imposuit.</span> <span class='ocrx_word' id='word_1_272' title='bbox 416 1990 498 2023; x_wconf 91' lang='lat' dir='ltr'>tum</span> <span class='ocrx_word' id='word_1_273' title='bbox 529 1982 765 2022; x_wconf 89' lang='lat' dir='ltr'>Trimalchio</span> <span class='ocrx_word' id='word_1_274' title='bbox 795 1994 931 2022; x_wconf 89' lang='lat' dir='ltr'>rursus</span> <span class='ocrx_word' id='word_1_275' title='bbox 960 1982 1121 2022; x_wconf 87' lang='lat' dir='ltr'>adiecit:</span> <span class='ocrx_word' id='word_1_276' title='bbox 1154 1986 1257 2022; x_wconf 86' lang='lat' dir='ltr'>‘non</span> <span class='ocrx_word' id='word_1_277' title='bbox 1290 1982 1480 2034; x_wconf 88' lang='lat' dir='ltr'>negabitis</span> 
     </span>
     <span class='ocr_line' id='line_1_34' title="bbox 64 2038 1478 2093; baseline -0.004 -11"><span class='ocrx_word' id='word_1_278' title='bbox 64 2041 139 2082; x_wconf 90' lang='lat' dir='ltr'>me&#39;</span> <span class='ocrx_word' id='word_1_279' title='bbox 173 2041 300 2093; x_wconf 89' lang='lat' dir='ltr'>inquit</span> <span class='ocrx_word' id='word_1_280' title='bbox 329 2039 486 2079; x_wconf 76' lang='lat' dir='ltr'>‘habere</span> <span class='ocrx_word' id='word_1_281' title='bbox 516 2039 700 2079; x_wconf 87' lang='lat' dir='ltr'>Liberum</span> <span class='ocrx_word' id='word_1_282' title='bbox 731 2038 905 2090; x_wconf 86' lang='lat' dir='ltr'>patrem&#39;.</span> <span class='ocrx_word' id='word_1_283' title='bbox 945 2038 1184 2078; x_wconf 89' lang='lat' dir='ltr'>laudavimus</span> <span class='ocrx_word' id='word_1_284' title='bbox 1216 2038 1360 2078; x_wconf 88' lang='lat' dir='ltr'>dictum</span> <span class='ocrx_word' id='word_1_285' title='bbox 1392 2038 1478 2078; x_wconf 89' lang='lat' dir='ltr'>Tri-</span> 
     </span>
     <span class='ocr_line' id='line_1_35' title="bbox 65 2095 1276 2146; baseline -0.002 -9"><span class='ocrx_word' id='word_1_286' title='bbox 65 2097 292 2138; x_wconf 86' lang='lat' dir='ltr'>malchionis</span> <span class='ocrx_word' id='word_1_287' title='bbox 311 2103 350 2136; x_wconf 91' lang='lat' dir='ltr'>et</span> <span class='ocrx_word' id='word_1_288' title='bbox 370 2097 676 2136; x_wconf 88' lang='lat' dir='ltr'>circumeuntem</span> <span class='ocrx_word' id='word_1_289' title='bbox 697 2107 862 2146; x_wconf 90' lang='lat' dir='ltr'>puerum</span> <span class='ocrx_word' id='word_1_290' title='bbox 884 2106 977 2134; x_wconf 89' lang='lat' dir='ltr'>sane</span> <span class='ocrx_word' id='word_1_291' title='bbox 998 2095 1276 2146; x_wconf 89' lang='lat' dir='ltr'>perbasiamus.</span> 
     </span>
    </p>

    <p class='ocr_par' dir='ltr' id='par_1_13' title="bbox 64 2150 1480 2485">
     <span class='ocr_line' id='line_1_36' title="bbox 175 2150 1480 2194; baseline -0.002 -1"><span class='ocrx_word' id='word_1_292' title='bbox 175 2153 222 2194; x_wconf 90' lang='lat' dir='ltr'>ab</span> <span class='ocrx_word' id='word_1_293' title='bbox 253 2154 326 2193; x_wconf 93' lang='lat' dir='ltr'>hoc</span> <span class='ocrx_word' id='word_1_294' title='bbox 356 2152 503 2192; x_wconf 81' lang='lat' dir='ltr'>ferculo</span> <span class='ocrx_word' id='word_1_295' title='bbox 525 2151 758 2191; x_wconf 89' lang='lat' dir='ltr'>Trimalchio</span> <span class='ocrx_word' id='word_1_296' title='bbox 780 2151 824 2190; x_wconf 91' lang='lat' dir='ltr'>ad</span> <span class='ocrx_word' id='word_1_297' title='bbox 847 2150 1023 2190; x_wconf 86' lang='lat' dir='ltr'>lasanum</span> <span class='ocrx_word' id='word_1_298' title='bbox 1044 2151 1224 2191; x_wconf 91' lang='lat' dir='ltr'>surrexit.</span> <span class='ocrx_word' id='word_1_299' title='bbox 1267 2163 1339 2191; x_wconf 90' lang='lat' dir='ltr'>nos</span> <span class='ocrx_word' id='word_1_300' title='bbox 1360 2150 1480 2190; x_wconf 90' lang='lat' dir='ltr'>liber-</span> 
     </span>
     <span class='ocr_line' id='line_1_37' title="bbox 65 2207 1479 2261; baseline -0.003 -11"><span class='ocrx_word' id='word_1_301' title='bbox 65 2215 179 2250; x_wconf 85' lang='lat' dir='ltr'>tatem</span> <span class='ocrx_word' id='word_1_302' title='bbox 210 2210 294 2250; x_wconf 89' lang='lat' dir='ltr'>sine</span> <span class='ocrx_word' id='word_1_303' title='bbox 323 2215 490 2261; x_wconf 85' lang='lat' dir='ltr'>tyranno</span> <span class='ocrx_word' id='word_1_304' title='bbox 522 2208 624 2248; x_wconf 90' lang='lat' dir='ltr'>nacti</span> <span class='ocrx_word' id='word_1_305' title='bbox 656 2208 856 2259; x_wconf 89' lang='lat' dir='ltr'>coepimus</span> <span class='ocrx_word' id='word_1_306' title='bbox 877 2207 1040 2247; x_wconf 85' lang='lat' dir='ltr'>invitare</span> <span class='ocrx_word' id='word_1_307' title='bbox 1061 2208 1308 2247; x_wconf 88' lang='lat' dir='ltr'>convivarum</span> <span class='ocrx_word' id='word_1_308' title='bbox 1330 2219 1479 2247; x_wconf 89' lang='lat' dir='ltr'>sermo-</span> 
     </span>
     <span class='ocr_line' id='line_1_38' title="bbox 66 2262 1479 2316; baseline -0.003 -9"><span class='ocrx_word' id='word_1_309' title='bbox 66 2279 147 2307; x_wconf 85' lang='lat' dir='ltr'>nes.</span> <span class='ocrx_word' id='word_1_310' title='bbox 187 2266 303 2306; x_wconf 88' lang='lat' dir='ltr'>Dama</span> <span class='ocrx_word' id='word_1_311' title='bbox 324 2265 453 2316; x_wconf 87' lang='lat' dir='ltr'>itaque</span> <span class='ocrx_word' id='word_1_312' title='bbox 474 2265 623 2316; x_wconf 90' lang='lat' dir='ltr'>primus</span> <span class='ocrx_word' id='word_1_313' title='bbox 643 2276 732 2304; x_wconf 89' lang='lat' dir='ltr'>cum</span> <span class='ocrx_word' id='word_1_314' title='bbox 754 2263 975 2315; x_wconf 89' lang='lat' dir='ltr'>pataracina</span> <span class='ocrx_word' id='word_1_315' title='bbox 996 2265 1258 2316; x_wconf 90' lang='lat' dir='ltr'>poposcisset,</span> <span class='ocrx_word' id='word_1_316' title='bbox 1290 2262 1396 2304; x_wconf 86' lang='lat' dir='ltr'>‘dies’</span> <span class='ocrx_word' id='word_1_317' title='bbox 1417 2263 1479 2303; x_wconf 90' lang='lat' dir='ltr'>in-</span> 
     </span>
     <span class='ocr_line' id='line_1_39' title="bbox 66 2319 1477 2374; baseline -0.001 -12"><span class='ocrx_word' id='word_1_318' title='bbox 66 2322 148 2374; x_wconf 85' lang='lat' dir='ltr'>quit</span> <span class='ocrx_word' id='word_1_319' title='bbox 168 2322 277 2362; x_wconf 85' lang='lat' dir='ltr'>‘nihil</span> <span class='ocrx_word' id='word_1_320' title='bbox 306 2328 374 2362; x_wconf 89' lang='lat' dir='ltr'>est.</span> <span class='ocrx_word' id='word_1_321' title='bbox 416 2322 508 2361; x_wconf 89' lang='lat' dir='ltr'>dum</span> <span class='ocrx_word' id='word_1_322' title='bbox 539 2333 667 2360; x_wconf 89' lang='lat' dir='ltr'>versas</span> <span class='ocrx_word' id='word_1_323' title='bbox 696 2326 755 2368; x_wconf 87' lang='lat' dir='ltr'>te,</span> <span class='ocrx_word' id='word_1_324' title='bbox 787 2332 864 2359; x_wconf 86' lang='lat' dir='ltr'>nox</span> <span class='ocrx_word' id='word_1_325' title='bbox 886 2320 939 2359; x_wconf 84' lang='lat' dir='ltr'>fit.</span> <span class='ocrx_word' id='word_1_326' title='bbox 980 2321 1110 2372; x_wconf 89' lang='lat' dir='ltr'>itaque</span> <span class='ocrx_word' id='word_1_327' title='bbox 1132 2320 1227 2359; x_wconf 91' lang='lat' dir='ltr'>nihil</span> <span class='ocrx_word' id='word_1_328' title='bbox 1249 2326 1308 2360; x_wconf 87' lang='lat' dir='ltr'>est</span> <span class='ocrx_word' id='word_1_329' title='bbox 1327 2319 1477 2368; x_wconf 90' lang='lat' dir='ltr'>melius,</span> 
     </span>
     <span class='ocr_line' id='line_1_40' title="bbox 66 2376 1478 2430; baseline -0.001 -12"><span class='ocrx_word' id='word_1_330' title='bbox 66 2389 177 2430; x_wconf 82' lang='lat' dir='ltr'>quam</span> <span class='ocrx_word' id='word_1_331' title='bbox 216 2379 262 2418; x_wconf 89' lang='lat' dir='ltr'>de</span> <span class='ocrx_word' id='word_1_332' title='bbox 292 2378 472 2418; x_wconf 91' lang='lat' dir='ltr'>cubiculo</span> <span class='ocrx_word' id='word_1_333' title='bbox 502 2384 607 2418; x_wconf 86' lang='lat' dir='ltr'>recta</span> <span class='ocrx_word' id='word_1_334' title='bbox 647 2377 686 2416; x_wconf 87' lang='lat' dir='ltr'>in</span> <span class='ocrx_word' id='word_1_335' title='bbox 718 2376 929 2416; x_wconf 90' lang='lat' dir='ltr'>triclinium</span> <span class='ocrx_word' id='word_1_336' title='bbox 960 2377 1028 2416; x_wconf 89' lang='lat' dir='ltr'>ire.</span> <span class='ocrx_word' id='word_1_337' title='bbox 1070 2382 1108 2416; x_wconf 92' lang='lat' dir='ltr'>et</span> <span class='ocrx_word' id='word_1_338' title='bbox 1137 2376 1326 2416; x_wconf 90' lang='lat' dir='ltr'>mundum</span> <span class='ocrx_word' id='word_1_339' title='bbox 1357 2376 1478 2428; x_wconf 81' lang='lat' dir='ltr'>frigus</span> 
     </span>
     <span class='ocr_line' id='line_1_41' title="bbox 64 2432 1478 2485; baseline -0.001 -11"><span class='ocrx_word' id='word_1_340' title='bbox 64 2434 279 2475; x_wconf 85' lang='lat' dir='ltr'>habuimus.</span> <span class='ocrx_word' id='word_1_341' title='bbox 319 2434 378 2474; x_wconf 87' lang='lat' dir='ltr'>vix</span> <span class='ocrx_word' id='word_1_342' title='bbox 400 2447 461 2474; x_wconf 90' lang='lat' dir='ltr'>me</span> <span class='ocrx_word' id='word_1_343' title='bbox 483 2433 645 2474; x_wconf 85' lang='lat' dir='ltr'>balneus</span> <span class='ocrx_word' id='word_1_344' title='bbox 667 2432 829 2472; x_wconf 83' lang='lat' dir='ltr'>calfecit.</span> <span class='ocrx_word' id='word_1_345' title='bbox 871 2439 997 2472; x_wconf 86' lang='lat' dir='ltr'>tamen</span> <span class='ocrx_word' id='word_1_346' title='bbox 1023 2433 1128 2472; x_wconf 86' lang='lat' dir='ltr'>calda</span> <span class='ocrx_word' id='word_1_347' title='bbox 1150 2433 1256 2485; x_wconf 91' lang='lat' dir='ltr'>potio</span> <span class='ocrx_word' id='word_1_348' title='bbox 1278 2432 1478 2472; x_wconf 83' lang='lat' dir='ltr'>vestiarius</span> 
     </span>
    </p>
   </div>
   <div class='ocr_carea' id='block_1_3' title="bbox 67 2522 329 2529">
    <p class='ocr_par' dir='ltr' id='par_1_14' title="bbox 67 2522 329 2529">
     <span class='ocr_line' id='line_1_42' title="bbox 67 2522 329 2529; baseline 0 357"><span class='ocrx_word' id='word_1_349' title='bbox 67 2522 329 2529; x_wconf 95' lang='lat' dir='ltr'> </span> 
     </span>
    </p>
   </div>
   <div class='ocr_carea' id='block_1_4' title="bbox 67 2565 1478 2656">
    <p class='ocr_par' dir='ltr' id='par_1_15' title="bbox 67 2565 1478 2656">
     <span class='ocr_line' id='line_1_43' title="bbox 178 2565 1478 2611; baseline -0.002 -9"><span class='ocrx_word' id='word_1_350' title='bbox 178 2569 219 2602; x_wconf 85' lang='lat'>14</span> <span class='ocrx_word' id='word_1_351' title='bbox 243 2570 346 2601; x_wconf 80' lang='lat' dir='ltr'>totam</span> <span class='ocrx_word' id='word_1_352' title='bbox 375 2568 387 2611; x_wconf 82' lang='grc'>11</span> <span class='ocrx_word' id='word_1_353' title='bbox 415 2569 455 2602; x_wconf 87' lang='grc'>19</span> <span class='ocrx_word' id='word_1_354' title='bbox 478 2566 629 2607; x_wconf 76' lang='lat' dir='ltr'>for-caue</span> <span class='ocrx_word' id='word_1_355' title='bbox 653 2566 840 2600; x_wconf 87' lang='lat' dir='ltr'>baucalesis</span> <span class='ocrx_word' id='word_1_356' title='bbox 869 2566 873 2610; x_wconf 80' lang='grc'>1</span> <span class='ocrx_word' id='word_1_357' title='bbox 903 2566 1047 2610; x_wconf 73' lang='lat' dir='ltr'>duravin</span> <span class='ocrx_word' id='word_1_358' title='bbox 1068 2568 1110 2601; x_wconf 87' lang='lat'>20</span> <span class='ocrx_word' id='word_1_359' title='bbox 1141 2565 1222 2611; x_wconf 89' lang='lat' dir='ltr'>quid</span> <span class='ocrx_word' id='word_1_360' title='bbox 1251 2566 1263 2610; x_wconf 85' lang='grc' dir='ltr'>ΙΙ</span> <span class='ocrx_word' id='word_1_361' title='bbox 1293 2567 1335 2600; x_wconf 82' lang='lat'>22</span> <span class='ocrx_word' id='word_1_362' title='bbox 1361 2575 1478 2599; x_wconf 86' lang='lat' dir='ltr'>cenam</span> 
     </span>
     <span class='ocr_line' id='line_1_44' title="bbox 67 2610 998 2656; baseline -0.002 -10"><span class='ocrx_word' id='word_1_363' title='bbox 67 2610 266 2647; x_wconf 79' lang='lat' dir='ltr'>vindicasset</span> <span class='ocrx_word' id='word_1_364' title='bbox 284 2613 296 2656; x_wconf 72' lang='lat' dir='ltr'>fl</span> <span class='ocrx_word' id='word_1_365' title='bbox 313 2615 356 2648; x_wconf 86' lang='lat'>34</span> <span class='ocrx_word' id='word_1_366' title='bbox 380 2613 624 2647; x_wconf 88' lang='lat' dir='ltr'>circumeuntes</span> <span class='ocrx_word' id='word_1_367' title='bbox 642 2612 713 2656; x_wconf 83' lang='grc'>1137</span> <span class='ocrx_word' id='word_1_368' title='bbox 739 2611 861 2645; x_wconf 86' lang='lat' dir='ltr'>clamat</span> <span class='ocrx_word' id='word_1_369' title='bbox 884 2612 998 2655; x_wconf 83' lang='lat' dir='ltr'>itaque</span> 
     </span>
    </p>
   </div>
   <div class='ocr_carea' id='block_1_5' title="bbox 0 829 43 2886">
    <p class='ocr_par' dir='ltr' id='par_1_16' title="bbox 0 829 43 2886">
     <span class='ocr_line' id='line_1_45' title="bbox 0 829 43 2886; baseline 0 0"><span class='ocrx_word' id='word_1_370' title='bbox 0 829 43 2886; x_wconf 95' lang='lat' dir='ltr'> </span> 
     </span>
    </p>
   </div>
  </div>
 </body>
</html>
