1728 2886
245 121 324 161 112
442 111 450 120 ’
629 113 631 115 ’
863 125 1066 163 ΡΕΤΒΟΝΠ

890 251 1029 292 XVIIII

364 329 612 370 Terentianus
632 328 797 369 Maurus
818 330 860 370 de
879 335 1010 372 metris

574 385 778 426 Horatium
799 387 974 429 videmus

570 454 706 483 versus
726 444 876 484 tenoris
896 445 1013 486 huius

570 511 763 551 nusquam
784 500 932 542 locasse
953 502 1075 553 iuges,

569 562 608 595 at
627 556 784 597 Arbiter
804 557 973 599 disertus

438 620 513 653 2490
570 612 680 653 libris
700 615 780 654 suis
801 615 1038 666 frequentat.

574 681 788 721 agnoscere
810 671 905 711 haec
929 673 1103 723 potestis,

569 732 727 766 cantare
749 739 847 779 quae
868 729 1059 769 solemus:

570 783 856 835 ‘Memphitides
878 785 1029 838 puellae

570 841 691 880 sacris
707 840 824 880 deum
845 848 1013 894 paratae.

438 902 513 935 2495
571 896 718 937 tinctus
740 898 871 937 colore
894 900 1021 940 noctis

572 966 693 993 manu
714 967 814 1007 puer
835 956 1003 1007 loquaci’

284 1034 287 1037 -
355 1008 508 1049 Marius
529 1008 743 1051 Victorinus
765 1011 831 1052 III
848 1008 902 1053 17
924 1014 980 1064 (in
1001 1012 1121 1055 Keilii
1138 1015 1400 1066 qrammaticis
1428 1013 1482 1057 VI
1491 1028 1532 1068 Ρ.
1555 1003 1693 1068 138)

245 1067 361 1108 huius
376 1066 527 1106 tenoris
544 1078 589 1106 ac
606 1068 754 1107 formae
773 1069 961 1120 quosdam
977 1082 1111 1111 versus
1127 1076 1264 1123 poetas
1279 1071 1421 1124 lyricos
1437 1068 1688 1131 carminibus

239 1124 320 1164 suis
340 1123 528 1164 indidisse
550 1125 816 1177 cognovimus,
839 1131 882 1166 ut
903 1132 941 1166 et
961 1127 1062 1179 apud
1085 1126 1318 1168 Arbitrum
1309 1129 1543 1179 mvenimus,
1564 1124 1699 1257 cuius13

239 1181 460 1233 exemplum

570 1237 855 1289 ‘Memphitides
877 1239 1030 1291 puellae
1678 1203 1699 1290 235

569 1294 689 1334 sacris
710 1294 825 1334 deum
847 1296 1029 1348 paratae’.

240 1350 332 1390 item
571 1350 731 1391 ‘tinctus
752 1352 884 1392 colore
909 1353 1035 1393 noctis
1678 1355 1697 1390 ’ἒ

566 1408 774 1460 Aegyptias
796 1409 972 1450 choreas'

1681 1461 1697 1519 ξ

924 1544 992 1583 ΧΧ
1685 1544 1697 1563 ³¹

360 1621 612 1663 Terentianus
641 1621 806 1663 Maurus
836 1624 879 1663 de
906 1626 1056 1664 metris.-
1679 1609 1697 1681 ἐς

568 1691 676 1719 nunc
697 1679 846 1728 divisio,
870 1692 985 1732 quam
1006 1681 1228 1733 loquemur,
1250 1681 1338 1722 edet
1678 1693 1696 1747 ᾗ

436 1742 512 1776 2850
570 1742 738 1776 metrum
759 1748 838 1788 quo
860 1743 1081 1778 memorant
1100 1738 1348 1779 Anacreonta
1681 1759 1695 1799 ᾗ

567 1792 702 1833 dulces
723 1794 989 1845 composuisse
1011 1795 1238 1835 cantilenas.
1676 1799 1691 1831 ὲ

566 1849 641 1893 hoc
663 1850 872 1890 Petronius
893 1849 1093 1891 invenitur
1113 1865 1220 1900 usus,

567 1906 688 1946 Musis
709 1919 799 1946 cum
820 1907 985 1960 lyricum
1005 1909 1126 1948 refert
1146 1909 1314 1949 eundem

566 1964 825 2003 consonantia
845 1964 961 2004 verba
982 1965 1202 2014 cantitasse‚

434 2026 508 2059 2855
566 2025 605 2059 et
625 2020 758 2072 plures
778 2020 853 2060 alii.
893 2021 961 2061 sed
982 2021 1054 2061 iste
1074 2034 1209 2062 versus

567 2076 671 2128 quali
692 2078 932 2130 compositus
951 2083 1058 2118 tome
1079 2078 1141 2128 sit,
1165 2079 1287 2118 edam.

567 2133 764 2174 ‘iuverunt
785 2140 935 2186 segetes
955 2147 1086 2175 meum
1106 2134 1309 2176 laborem!

567 2190 774 2230 ‘iuverunt'
796 2196 913 2243 caput
933 2197 991 2231 est
1011 2191 1047 2231 id
1070 2192 1287 2232 hexametri
1306 2215 1362 2222 —

435 2253 509 2287 2861
568 2247 673 2298 quod
694 2253 814 2287 restat
835 2251 999 2300 ‘segetes
1018 2261 1149 2289 meum
1171 2249 1370 2289 lahorem‘.

565 2304 640 2343 tale
661 2310 720 2344 est
739 2317 811 2344 ceu
834 2305 990 2357 ‘triplici
1010 2305 1115 2346 vides
1135 2311 1178 2346 ut
1199 2313 1289 2346 ortu

566 2360 717 2400 Triviae
738 2367 891 2403 rotetur
911 2362 1013 2414 ignis

565 2417 796 2470 volucrique
818 2418 1002 2458 Phoebus
1021 2430 1091 2458 axe

436 2479 510 2513 2865
572 2474 748 2526 rapidum
771 2481 950 2527 pererret
970 2474 1120 2515 orhem'

1664 2492 1691 2516 Γ
1666 1785 1695 2478 ⁴=“232“-2³·1aibr'ffl*=§>{ssz÷aAkme&‘assi‘r-.-.„‹2==‹·‡÷⁸·3‹J;‹⁴.·e2.⁴÷3s
1682 1736 1695 1762 za:
1670 1666 1695 1703 ἶς’
1676 1512 1697 1617 ἑῆς-«ἕξις
1673 1392 1697 1472 ἐκίϋῖ
1677 1310 1697 1354 '52
1678 1268 1693 1294 «ὃ

350 2551 437 2585 2862
464 2550 588 2594 triplici
614 2555 648 2584 et
671 2563 760 2595 quae
776 2557 943 2586 secuntur
955 2553 1113 2586 ‘Arbiter
1126 2553 1321 2588 Satiricon’
1336 2554 1517 2597 scripsisse
1533 2553 1647 2587 dicitu
1667 2530 1687 2578 ⁴¹}

237 2597 414 2637 <impressis
436 2598 553 2630 verbis
577 2609 598 2630 α
626 2598 812 2632 Victorino
837 2598 893 2632 IV
912 2599 931 2632 1
949 2609 989 2642 p.
1013 2598 1079 2632 153
1103 2598 1141 2632 K.
1659 2615 1662 2616 ⁷

353 2642 441 2675 2865
466 2643 604 2676 rutilum
622 2643 774 2677 ‘Mallius
802 2643 1005 2677 Theodorus
1026 2645 1049 2678 5
1067 2654 1105 2688 p.
1129 2644 1197 2679 593
1220 2644 1259 2678 K.
