1728 2886
209 134 230 171 1
237 133 290 172 20
782 132 1064 168 CONSPECTVS

209 250 253 289 de
272 250 421 300 funere,
443 247 614 288 Phileros
633 248 676 288 de
697 254 848 287 mortuo
880 249 1030 300 eiusque
1049 247 1193 298 fratre,
1218 246 1448 299 Ganymedes
1469 248 1512 288 de
1530 249 1642 300 fame
1663 246 1667 250 ’
1688 247 1689 251 ’

210 318 322 358 quam
342 305 456 356 sraus
476 304 658 344 aedilium
682 312 715 344 et
735 303 935 344 hominum
955 306 1129 356 impietas
1148 306 1322 351 moverit,
1350 304 1492 345 Echion
1512 305 1555 345 de
1576 304 1640 353 lu·
1653 306 1666 350 ’ζ-
1684 331 1685 334 =

211 363 267 402 dis
283 361 452 401 coloniae
467 368 501 401 et
506 361 734 413 petitoribus
748 360 955 401 aedilitatis
964 368 998 400 et
1008 360 1225 401 litterarum
1232 359 1376 400 honore
1383 363 1515 414 suique
1522 363 1642 415 pueri
1656 360 1671 405 J

210 419 442 458 educatione.
473 419 640 458 47-52
658 418 757 458 redit
775 416 1015 464 Trimalchio,
1036 429 1140 457 suem
1156 418 1276 458 occidi
1287 419 1485 471 statimque
1496 420 1641 471 parari
1659 420 1662 452 ῑ
1687 415 1689 419 ⁴

212 478 253 515 in
275 487 406 515 cenam
426 475 538 522 iubet,
559 478 624 527 qui
643 482 768 515 coctus
788 487 915 515 coram
935 477 1101 514 convivis
1121 476 1375 520 eminteratur,
1403 474 1641 515 sermonibus

212 534 365 583 attinyit
381 533 620 578 medicinam,
641 531 883 578 rhetoricam,
899 530 1090 578 historias,
1112 533 1258 571 artium
1274 533 1542 584 siynorumque
1557 537 1643 571 stu-
1674 538 1689 578 J

213 589 288 628 dia.
336 589 503 630 52—54
525 588 626 628 ebrio
642 591 850 640 promimus
878 587 1070 632 cordacem
1098 588 1238 628 saltare
1261 589 1391 640 coepit,
1422 590 1640 628 actuarium
1662 604 1667 612 ·
1688 608 1689 611 ¹

212 646 321 685 audit
340 652 424 685 acta
440 645 592 698 praedii
619 648 683 685 sui
707 647 940 690 recitantem,
965 646 1260 696 petauristarios
1287 651 1457 696 spectans
1477 657 1501 684 a
1516 656 1640 697 puero
1674 683 1675 686 ,

213 715 327 755 super
353 702 487 742 lectum
517 704 597 741 eius
630 702 777 753 delapso
809 701 984 741 laeditur.
1035 703 1088 742 55
1112 702 1164 742 56
1186 703 1455 753 epi'yrammate
1480 703 1522 741 in
1543 700 1644 740 hunc
1667 723 1675 747 »3

215 772 342 799 casum
361 759 463 810 facto
493 759 536 798 de
553 761 672 810 poetis
693 758 839 798 locutus
860 765 1053 810 comparat
1082 760 1184 797 inter
1208 770 1245 797 se
1271 757 1486 798 Ciceronem
1512 765 1546 798 et
1566 757 1643 810 Sy·
1667 776 1680 781 ··

214 829 316 862 rum,
345 815 490 855 litteras
519 821 553 854 et
583 815 764 867 artificia,
796 814 904 854 boves
925 821 958 854 et
978 827 1075 859 oves,
1106 815 1221 854 donec
1249 814 1479 867 apophoreta
1511 815 1644 854 distri-
1666 834 1670 838 Ἴ

217 873 398 912 buuntur.
443 875 494 913 57
518 872 571 913 58
592 871 803 912 ridentibus
824 884 867 912 ea
887 870 1036 922 Ascylto
1059 877 1092 910 et
1110 870 1242 912 Gitoni
1254 871 1458 912 Hermeros
1477 870 1646 911 Trimal-
1669 887 1671 890 ¹

217 929 361 969 chionis
399 929 613 969 collibertus
652 930 792 980 inyerit
821 931 1004 968 convicia.
1057 929 1110 970 59
1143 930 1195 969 60
1226 930 1377 968 intrant
1405 927 1645 968 Homeristae

216 999 235 1026 e
255 986 390 1039 quibus
410 987 513 1026 Az‘aae
532 985 698 1026 vitulum
725 985 872 1026 elixum
898 986 1047 1032 scindit,
1080 986 1223 1025 dantur
1251 984 1445 1026 alabastra
1463 991 1498 1024 et
1513 997 1645 1037 poma,
1663 1020 1689 1039 ,Ἴ

218 1044 275 1083 dis
294 1043 415 1083 honor
434 1042 604 1082 habetur.
646 1042 812 1083 61—63
833 1041 990 1093 fabulas
1009 1048 1179 1082 narrant
1194 1041 1352 1082 Niceros
1367 1043 1410 1082 de
1422 1041 1544 1081 milite
1558 1054 1664 1082 mu-v

217 1107 295 1140 tato
324 1103 365 1139 in
395 1099 529 1152 lupum
559 1105 592 1138 et
617 1098 843 1139 Trimalchio
872 1099 916 1139 de
935 1098 1116 1150 striyibus
1146 1104 1319 1151 tactuque
1349 1097 1473 1139 malae
1494 1110 1647 1138 manus.
1662 1108 1669 1145 J

219 1159 273 1199 64
300 1155 527 1196 Trimalchio
559 1155 716 1207 beniyne
741 1155 836 1206 facit
864 1158 997 1202 amico,
1029 1155 1170 1195 deliciis
1197 1158 1289 1206 suis,
1320 1157 1408 1195 cani
1434 1155 1672 1202 domestico,

218 1216 348 1254 servis.
402 1214 566 1255 65—67
594 1219 680 1265 post
710 1219 868 1252 matteas
898 1214 1118 1252 comissator
1147 1213 1301 1252 advenit
1329 1211 1532 1253 Habinnas
1561 1219 1681 1251 cum*

219 1283 343 1311 umore
372 1283 443 1310 sua
473 1269 666 1314 Scintilla
698 1276 834 1309 narrat
863 1272 927 1310 cui
953 1269 1187 1321 interfuerat
1216 1281 1366 1316 cenam,
1398 1272 1575 1321 impetrat
1605 1274 1670 1310 ut'2

219 1327 435 1368 Fortunata
464 1339 568 1367 uocor
603 1325 892 1366 Trimalchionis
933 1326 1126 1366 recumbat
1155 1338 1308 1379 eamque
1342 1300 1386 1366 de
1415 1327 1658 1365 ornamentis
1688 1346 1689 1350 =

220 1387 299 1424 suis
320 1383 541 1424 collocutam
561 1395 646 1423 cum
663 1382 839 1423 Scintilla
859 1385 1031 1423 immittit
1052 1383 1154 1423 lecto.
1193 1384 1356 1425 68—71
1375 1382 1562 1423 secundae
1577 1380 1663 1422 ιιά-’
1678 1379 1689 1387 ’“

220 1443 406 1493 feruntur
425 1452 587 1486 mensae,
607 1439 810 1479 Habinnae
827 1452 925 1492 puer
945 1439 1054 1480 ludos
1072 1440 1178 1505 facit,
1195 1447 1283 1492 post
1298 1439 1553 1492 epidipnidem
1572 1450 1679 1492 un-j

220 1506 369 1550 yuntur
399 1499 581 1537 convivae
609 1499 779 1548 servique
808 1497 1067 1536 admittuntur
1097 1499 1139 1536 in
1159 1496 1384 1543 triclinium,
1421 1493 1651 1536 Trimalchio

223 1562 489 1595 testamentum
503 1566 618 1594 suum
632 1555 796 1593 recitans
809 1552 985 1604 familiae
1001 1555 1162 1593 concitat
1175 1553 1500 1594 lamentationem.
1538 1552 1652 1601 72—-7
1663 1562 1670 1587 ξ
1688 1585 1689 1591 ,

226 1614 278 1654 74
300 1614 342 1651 in
373 1610 502 1651 balneo
529 1609 820 1650 Trimalchionis
851 1610 1017 1650 discussa
1036 1609 1213 1650 ebrietate
1232 1609 1406 1662 reficitur
1432 1611 1667 1655 convivium-1

225 1672 267 1708 in
288 1668 364 1709 alio
386 1667 569 1708 triclinio.
622 1667 789 1708 74-—78
810 1669 966 1707 rimatus
992 1665 1219 1707 Trimalchio
1249 1679 1335 1707 cum
1364 1678 1488 1706 umore
1517 1677 1588 1706 sua
1608 1665 1686 1712 deff

225 1729 304 1766 vita
324 1725 432 1765 domo
461 1723 642 1776 felicitate
661 1736 724 1776 spe
746 1736 818 1764 sua
838 1724 997 1770 disserit,
1027 1724 1185 1777 denique
1211 1726 1420 1764 cornicines
1445 1723 1519 1763 sibi
1535 1719 1677 1774 fune-ss

226 1783 307 1823 bres
335 1782 463 1822 modos
493 1783 659 1829 incinere
689 1780 807 1827 iubet,
838 1794 912 1833 qua
941 1793 983 1820 re
1011 1781 1182 1821 tumultu
1207 1781 1310 1833 facto
1331 1779 1537 1832 Encolpius
1564 1779 1667 1820 cum-*¹

228 1838 372 1891 Ascylto
393 1846 428 1878 et
451 1837 584 1878 Gitone
604 1838 750 1891 effuyisst

341 1896 395 1936 79
418 1897 471 1937 80
502 1896 655 1935 domum
683 1894 809 1934 redum
828 1893 1031 1946 Encolpius
1058 1894 1148 1933 dum
1173 1900 1287 1933 noctu
1316 1892 1456 1933 dormit
1475 1904 1561 1933 cum
1585 1890 1668 1932 Gi-0'

227 1959 327 1999 tone,
355 1952 579 1992 subducitur
593 1964 693 2004 puer
713 1951 759 1991 ab
780 1950 939 2002 Ascylto,
971 1952 1096 2003 itaque
1119 1951 1336 1990 communia
1356 1961 1488 1989 omnia
1507 1948 1679 1990 sodales

230 2009 438 2049 dissolvunt
467 2017 501 2049 et
525 2008 639 2049 Giton
658 2007 836 2060 Ascylton
858 2007 961 2059 eliyit
981 2019 1087 2059 quem
1107 2013 1296 2059 sequatur.
1339 2007 1389 2048 81
1412 2006 1464 2047 82
1486 2006 1669 2046 desertu.

229 2066 432 2119 Encolpius
452 2073 592 2106 maeret
612 2068 654 2105 in
673 2064 887 2111 solitudine,
909 2064 1040 2103 deinde
1060 2064 1239 2117 efferatus
1255 2063 1402 2103 caedem
1422 2064 1572 2103 inimici
1590 2074 1681 2109 co-2

227 2127 324 2176 yi'tat
350 2123 414 2164 sed
442 2123 592 2163 delusus
619 2135 644 2163 a
662 2121 782 2162 milite
801 2133 911 2161 arma
926 2123 1048 2173 ponit.
1091 2121 1142 2162 83
1167 2120 1219 2161 84
1246 2122 1288 2159 in
1303 2119 1546 2173 pinacotheca
1567 2131 1669 2167 cums

224 2183 346 2233 pictos
372 2186 542 2220 amantes
570 2180 846 2226 consi‚deraret
878 2177 1016 2218 aceedit
1043 2177 1093 2217 ad
1115 2190 1200 2217 eum
1222 2176 1433 2230 Eumolpus
1455 2183 1569 2229 poeta
1590 2187 1673 2228 qm

228 2243 490 2290 paupertatem
526 2249 636 2276 suam
675 2246 804 2275 amore
834 2207 1051 2275 litterarum
1088 2235 1266 2274 vindicat.
1319 2233 1484 2276 85--87
1515 2237 1686 2290 narra(

233 2294 441 2346 Eumolpus
469 2306 540 2346 quo
569 2293 679 2333 modo
709 2291 887 2344 Peryami
915 2288 1048 2343 ephebo
1078 2293 1172 2331 satis
1201 2291 1335 2342 fecerit
1363 2291 1534 2342 formoso
1562 2284 1686 2342 fidet

231 2363 322 2390 suae
340 2351 534 2391 mandato.
575 2350 741 2392 88—90
763 2350 961 2401 quaeritur
976 2360 1045 2388 cur
1060 2350 1213 2400 pictura
1227 2354 1398 2400 artesque
1412 2352 1553 2386 ceterae
1564 2356 1665 2398 per
1683 2382 1686 2383 γ

235 2410 368 2454 i',erint
402 2409 589 2460 pecuniae
625 2405 913 2459 reprehenditur
952 2405 1155 2457 cupiditas,
1194 2403 1364 2444 tabulam
1393 2415 1486 2457 quae
1521 2401 1625 2442 Troi
1618 2418 1665 2451 ²2³⁸

233 2464 384 2504 halosin
405 2464 563 2504 ostendit
583 2465 728 2515 tragico
746 2461 954 2514 Eumolpus
974 2463 1142 2502 carmine
1162 2461 1356 2514 emplanat,
1378 2460 1548 2512 lapidum
1569 2459 1661 2509 ictiss':
1726 2468 1728 2475 ’

236 2521 303 2560 bus
328 2522 535 2573 prosuyere
562 2533 581 2560 e
598 2522 750 2573 porticu
777 2522 934 2571 coyi.tur
977 2519 1025 2559 91
1051 2519 1104 2560 92
1134 2521 1176 2557 in
1207 2517 1336 2558 balneo
1364 2522 1555 2570 repertum
1575 2515 1635 2555 En
1646 2548 1660 2563 ,.

235 2577 379 2629 colpi'us
403 2577 541 2618 Gitona
563 2580 605 2617 in
624 2576 830 2629 hospitium
857 2588 970 2615 suum
985 2575 1178 2627 perducit,
1207 2586 1390 2627 quaerens
1412 2572 1551 2614 Gitona
1570 2584 1616 2612 cu
1639 2590 1661 2606 κ·-

235 2636 464 2674 vestimentis
485 2634 650 2686 Ascyltos
670 2635 814 2673 invenit
834 2638 1054 2672 amatorem.
1104 2632 1156 2673 93
1180 2632 1232 2672 94
1253 2644 1384 2672 versus
1411 2642 1569 2672 rurswm
1588 2629 1634 2682 sa
1656 2651 1659 2655 ·
