1728 2886
699 122 886 158 PRIAPEA
1427 125 1506 164 153

230 247 330 287 quae
350 235 534 276 libamine
554 237 751 277 mentulae
772 250 928 278 comeso

232 298 310 332 tota
331 299 448 333 noete
468 293 564 333 mibi
584 293 668 333 litat
687 294 865 345 rIgendo.

229 354 267 388 at
286 362 354 389 vos
375 349 541 402 amplius
560 349 636 389 hoc
656 350 744 391 loco
765 356 896 391 cavete

229 406 437 457 quicquam
459 418 622 458 ponere,
645 419 694 446 ne
717 407 983 447 famelicorum
1417 414 1452 448 10

229 462 275 501 ad
297 474 358 501 me
378 461 491 502 turba
513 462 602 501 velit
623 475 764 502 canum
785 464 931 511 venire,

229 530 280 557 ne
300 519 393 558 dum
414 530 475 558 me
497 519 622 559 colitis
643 531 851 571 meumque
874 532 1033 568 numen,

229 574 410 615 custodes
430 574 602 615 habeatis
622 575 842 616 irrumatos.

732 677 848 717 LXXI

228 753 269 794 Si
291 755 497 795 commissa
517 768 625 795 meae
648 768 786 808 carpes
807 756 981 809 pomaria
1003 769 1133 804 curae,

279 811 406 851 dulcia
428 812 520 864 quid
542 812 692 852 doleam
713 814 893 866 perdere,
915 814 1053 854 doctus
1075 814 1164 854 eris.

674 895 678 898 ’
719 913 858 953 Lxxu

225 977 402 1018 Tutelam
423 979 602 1032 pomarii,
623 980 789 1032 diligens
811 981 963 1034 Priape,
984 981 1120 1022 facito:

225 1034 422 1075 rubricato
443 1035 597 1076 furibus
617 1037 771 1085 minare
787 1038 969 1078 mutinio.

224 1146 338 1194 Quod
360 1160 534 1196 monear‚
557 1161 637 1189 non
659 1155 729 1198 est,
752 1150 843 1202 quia
863 1150 895 1191 si
916 1150 1110 1192 furaberis
1132 1151 1215 1203 ipse

275 1205 435 1256 grandia
455 1205 566 1254 mala,
588 1206 658 1246 tibi
680 1205 860 1246 bracchia
881 1219 1012 1247 macra
1034 1207 1147 1247 dabo.

711 1307 867 1348 LXXIII

224 1382 404 1436 Obliquis
426 1385 518 1437 quid
540 1398 615 1434 me,
636 1387 827 1439 pathicae‚
850 1388 1035 1440 spectatis
1057 1386 1219 1428 ocellis?

275 1453 356 1480 non
378 1447 454 1481 stat
474 1442 514 1482 in
535 1442 765 1494 inguinibus
785 1445 958 1484 mentula
982 1451 1086 1485 tenta
1107 1445 1216 1485 meis.

223 1509 322 1549 quae
342 1503 473 1538 tamen
495 1499 683 1540 exanimis
704 1512 812 1540 nune
833 1506 891 1541 est
912 1507 951 1541 et
971 1501 1108 1542 inutile
1128 1501 1292 1554 lignum,

274 1553 378 1594 utilis
398 1554 505 1604 haec,
526 1567 632 1595 aram
652 1556 683 1596 si
705 1557 900 1606 dederitis,
923 1558 1008 1598 erit.

704 1657 877 1698 LXXIIII

223 1733 298 1773 Per
318 1734 467 1775 medios
487 1734 559 1775 ibit
577 1748 723 1788 pueros
743 1737 969 1790 mediasque
990 1737 1139 1790 puellas

272 1790 458 1840 mentula,
478 1790 650 1833 barbatis
672 1806 751 1833 non
774 1794 848 1834 nisi
868 1806 1018 1835 summa
1038 1800 1156 1847 petet.

721 1894 854 1934 LXXV

221 1957 384 1999 Dodone
406 1958 489 2007 tibi,
507 1959 697 2012 Iuppiter,
718 1965 866 2000 sacrata
886 1966 958 2009 est,

221 2014 364 2055 Iunoni
386 2015 522 2056 Samos
543 2023 582 2056 et
602 2017 764 2070 Mycena
785 2017 885 2065 ditis,

221 2071 349 2111 undae
366 2072 564 2113 Taenaros
578 2074 839 2126 aequorisque
856 2075 938 2126 regi
948 2086 958 2123 ;

221 2127 345 2168 Pallas
366 2127 572 2182 Cecropias
592 2136 725 2170 tuetur
743 2142 868 2178 arces,

220 2184 392 2237 Delphos
413 2185 584 2238 Pythius,
607 2186 714 2227 orbis
735 2186 977 2238 umbilicum,
1423 2197 1442 2230 5

221 2239 360 2281 Creten
383 2241 488 2281 Delia
510 2241 777 2296 Cynthiosque
797 2244 928 2293 colles,

219 2296 377 2338 Faunus
398 2298 603 2339 Maenalon
625 2299 899 2353 Arcadumque
920 2301 1054 2351 silvas;

216 2354 336 2394 tutela
357 2354 515 2395 Rhodos
535 2361 594 2395 est
614 2355 726 2397 beata
746 2357 860 2406 Solis,

159 2475 245 2510 Lxx
283 2477 303 2511 8
338 2476 478 2521 rigando
506 2478 771 2520 Wakefieldiue.
817 2478 972 2519 forta-ue
1008 2483 1109 2515 noete
1134 2481 1212 2515 litat
1246 2480 1451 2525 ligurriendo
1486 2483 1498 2525 fl

70 2518 168 2554 Lxxl
192 2522 212 2555 2
237 2521 295 2566 qui
320 2522 485 2556 Heinsius
501 2523 514 2567 ΙΙ
532 2523 644 2558 LXXII
665 2526 873 2568 praeposita
906 2527 1013 2559 ver-ba
1038 2528 1196 2559 numeris
1218 2526 1334 2560 soluta
1355 2529 1360 2571 Ι
1382 2528 1402 2561 2
1426 2537 1497 2562 mu-

37 2560 39 2562 ’
70 2565 141 2599 tino
158 2565 283 2643 elur-es
301 2567 308 2611 Ι
329 2569 349 2602 3
374 2572 511 2603 moneat
527 2572 591 2603 auc
607 2579 761 2604 moneam
778 2569 791 2614 ss
810 2569 936 2605 LXXIII
957 2573 973 2606 1
999 2571 1157 2615 pathicae
1183 2571 1264 2616 quid
1286 2581 1341 2606 me
1365 2572 1498 2616 volgoll

8 2640 10 2666 ἶ
69 2606 155 2644 Lxx
213 2612 233 2646 2
257 2610 423 2657 Mycenae
447 2613 535 2648 dites
