1820 2918
785 143 970 178 SATIRAE
1563 142 1586 180 9

437 259 529 298 artis
549 269 702 298 severae
721 257 753 298 si
775 258 861 309 quis
881 257 1002 297 ambit
1022 257 1184 297 effectus
1618 260 1642 299 5

438 320 690 366 mentemque
710 315 861 365 magnis
882 314 1061 366 applicat,
1083 314 1193 366 prius
1214 325 1344 354 mores

437 370 667 423 frugalitatis
686 370 771 422 lege
792 370 912 422 poliat
932 375 1076 410 exacta.

437 439 511 467 nec
531 432 641 467 curet
660 427 737 466 alto
759 427 904 479 regiam
926 432 1077 466 trucem
1098 426 1208 465 vultu

434 483 602 524 cliensve
623 495 740 523 cenas
760 483 1034 535 impotentium
1057 488 1198 534 captet,

438 552 510 580 nec
530 540 691 592 perditis
711 539 885 579 addictus
906 539 1047 591 obruat
1064 539 1155 578 vino

437 596 580 636 mentis
599 596 780 644 calorem,
804 608 899 636 neve
919 595 1078 647 plausor
1098 595 1136 634 in
1160 605 1340 634 scaenam

436 653 567 692 sedeat
587 653 812 704 redemptus
833 651 1034 692 histrionis
1054 652 1100 691 ad
1121 651 1254 690 rictus.

370 709 435 748 sed
458 709 536 749 sive
557 710 771 761 armigerae
792 709 922 748 rident
940 707 1154 748 Tritonidis
1175 719 1297 754 arces,

365 777 435 804 seu
456 765 764 806 Lacedaemonio
786 765 901 805 tellus
921 764 1090 805 habitata
1111 764 1253 804 colono

371 821 600 862 Sirenumve
620 823 772 870 domus,
793 822 1025 875 detprimos
1045 820 1222 860 versibus
1243 832 1368 860 annos

370 878 671 930 Maeoniumque
692 878 800 918 bibat
820 877 919 917 felici
941 878 1285 929 pectofesontem.

320 978 323 979 ⁷
369 946 459 974 mox
480 940 518 974 et
538 934 735 974 Socratico
758 935 899 986 plenus
919 946 1037 986 grege
1058 934 1183 973 mittat
1202 932 1374 973 habenas

369 989 470 1030 liber
491 996 529 1030 et
549 990 720 1042 ingentis
742 991 889 1042 quatiat
908 989 1184 1030 Demosthenis
1204 1001 1321 1028 arma.

369 1047 462 1086 hinc
483 1047 657 1086 Romana
676 1059 816 1086 manus
837 1046 1080 1086 circumfluat
1100 1052 1138 1102 et
1158 1045 1273 1085 modo
1291 1044 1406 1085 Graio

367 1109 577 1164 exonerata
600 1116 698 1143 sono
719 1108 844 1143 mutet
864 1104 1011 1143 suffusa
1032 1114 1223 1154 saporem.

370 1159 566 1199 interdum
588 1159 778 1200 subducta
799 1160 885 1199 foro
908 1160 973 1199 det
993 1159 1133 1211 pagina
1154 1170 1314 1199 cursum

370 1222 408 1255 et
428 1216 584 1255 fortuna
604 1222 719 1256 sonet
739 1216 857 1256 celeri
877 1216 1058 1256 distincta
1080 1221 1208 1255 meatu

370 1272 463 1311 dent
483 1272 617 1324 epulas
638 1278 677 1312 et
695 1273 795 1312 bella
817 1273 918 1312 truci
939 1279 1152 1312 memorata
1174 1284 1317 1311 canore

370 1329 609 1380 grandiaque
631 1329 809 1369 indomiti
831 1329 1031 1369 Ciceronis
1051 1329 1168 1368 verba
1190 1328 1375 1368 minetur-

370 1385 431 1424 his
451 1386 623 1425 animum
645 1386 831 1438 succinge
852 1386 985 1426 bonis:
1007 1386 1063 1426 sic
1083 1385 1243 1425 flumine
1263 1385 1370 1436 largo

371 1441 512 1492 plenus
532 1441 660 1482 Pierio
682 1443 872 1482 defundes
893 1448 1053 1494 pectore
1075 1441 1216 1481 verba.’

228 1495 319 1536 dum
342 1497 446 1537 hunc
468 1498 690 1550 diligentius
710 1499 846 1546 audio,
870 1511 950 1538 non
974 1499 1103 1538 notavi
1123 1498 1217 1537 mihi
1239 1497 1381 1548 Ascylti
1402 1496 1532 1548 fugam
1624 1497 1649 1537 6

174 1558 212 1592 et
231 1553 322 1593 dum
344 1553 383 1592 in
404 1554 480 1594 hoc
500 1555 693 1594 dictorum
714 1561 822 1595 aestu
843 1556 883 1594 in
904 1555 1028 1595 hortis
1049 1555 1201 1601 incedo,
1233 1554 1373 1605 ingens
1393 1552 1594 1593 scholasti-

107 1614 144 1648 25
172 1620 306 1649 corum
338 1610 452 1650 turba
482 1611 522 1650 in
555 1611 749 1662 porticum
779 1611 906 1659 venit,
937 1617 980 1651 ut
1010 1610 1242 1663 apparebat,
1274 1609 1321 1649 ab
1343 1608 1595 1661 extemporali

174 1665 453 1706 declamatione
475 1667 607 1707 nescio
629 1668 760 1716 cuius,
782 1668 849 1719 qui
871 1667 1174 1719 Agamemnonis
1194 1666 1408 1707 suasoriam
1429 1676 1594 1716 excepe-

174 1727 244 1763 rat.
282 1723 372 1762 dum
404 1735 496 1774 ergo
527 1723 688 1763 iuvenes
708 1724 922 1764 sententias
945 1724 1074 1764 rident
1096 1723 1353 1774 ordinemque
1374 1723 1494 1762 totius
1514 1721 1594 1761 dic-

174 1778 292 1818 tionis
310 1779 522 1828 infamant,
554 1786 778 1832 opportune
800 1779 968 1820 subduxi
988 1792 1050 1819 me
1073 1786 1111 1819 et
1131 1780 1275 1820 cursim
1296 1779 1481 1831 Ascylton
1503 1790 1594 1830 per-

173 1835 283 1886 sequi
313 1836 438 1888 coepi.
479 1837 546 1876 sed
578 1848 650 1876 nec
679 1837 778 1876 viam
808 1837 1016 1888 diligenter
1046 1835 1225 1876 tenebam
1249 1832 1369 1891 [quia]
1393 1847 1466 1875 nec
1491 1834 1594 1886 quod

107 1896 145 1929 ³0
172 1891 365 1931 stabulum
397 1899 498 1932 esset
526 1892 708 1932 sciebam.
757 1893 887 1944 itaque
918 1905 1156 1944 quocunque
1187 1892 1331 1940 ieram,
1363 1891 1498 1932 eodem
1529 1903 1595 1930 re-

171 1947 368 1995 vertebar,
401 1949 527 1988 donec
557 1954 595 1988 et
615 1961 732 1990 cursu
754 1950 932 2001 fatigatus
954 1955 993 1990 et
1011 1950 1154 1990 sudore
1176 1949 1251 1989 iam
1271 1948 1431 1988 madens
1451 1947 1593 1987 accedo

173 2003 365 2044 aniculam
398 2004 612 2056 quandam,
644 2018 742 2057 quae
771 2012 923 2058 agreste
953 2006 1066 2046 holus
1086 2005 1298 2053 vendebat,
1330 2011 1369 2044 et
1389 2003 1511 2055 ‘rogo’
1531 2003 1592 2042 in-
1625 2007 1647 2046 7

98 2111 107 2119 .
174 2071 290 2111 quam
310 2063 320 2082 ‘
333 2067 468 2109 mater,
500 2061 688 2113 numquid
711 2062 788 2102 scis
809 2062 874 2102 ubi
899 2075 970 2114 ego
991 2061 1161 2102 habitem
1173 2061 1204 2101 ‘J'
1244 2062 1432 2101 delectata
1452 2066 1510 2100 est
1531 2060 1594 2099 illa

174 2116 394 2157 urbanitate
424 2124 501 2157 tam
522 2118 639 2158 stulta
660 2124 699 2158 et
720 2118 872 2170 ‘quidni
901 2119 1019 2158 sciam
1032 2117 1063 2158 ‘2'
1094 2119 1239 2170 inquit,
1270 2117 1595 2168 consurrexitque

106 2177 144 2210 35
173 2177 210 2212 et
229 2174 360 2225 coepit
380 2186 442 2213 me
462 2175 707 2225 praecedere.
749 2175 915 2215 divinam
938 2188 1010 2227 ego
1032 2175 1215 2227 putabam
1238 2180 1276 2214 et

286 2229 453 2270 subinde
482 2230 585 2270 utin
616 2231 747 2271 locum
777 2232 1026 2272 secretiorem
1048 2232 1235 2279 venimus,
1267 2236 1477 2270 centonem
1498 2241 1596 2269 anus

174 2284 322 2326 urbana
343 2286 478 2326 reiecit
499 2292 536 2326 et
557 2287 644 2326 ‘hic'
666 2288 795 2340 inquit
814 2288 947 2328 ‘debes
966 2288 1165 2328 habitare’.
1206 2299 1293 2327 cum
1316 2299 1388 2338 ego
1411 2297 1595 2338 negarem

174 2353 236 2382 me
271 2354 484 2394 agnoscere
520 2342 678 2383 domum
691 2374 701 2392 ‚
739 2344 849 2384 video
881 2345 1066 2396 quosdam
1099 2344 1201 2383 inter
1231 2343 1365 2384 titulos
1394 2343 1596 2394 nudasque

290 2499 305 2532 1
331 2501 421 2531 amat
439 2498 450 2541 ΙΙ
468 2500 486 2532 3
512 2498 638 2543 polleat
653 2499 665 2543 ΙΙ
685 2502 702 2533 7
723 2509 822 2534 scena
840 2499 852 2543 ll
872 2502 890 2535 8
911 2500 1066 2534 histrioni
1093 2499 1246 2533 addictus
1259 2499 1271 2543 ΙΙ
1285 2501 1322 2534 11
1350 2499 1570 2542 Sirenumque
1585 2496 1597 2542 ΙΙ

179 2543 218 2576 16
242 2544 374 2576 mutent
400 2543 550 2577 Haasius
567 2543 579 2587 ΙΙ
600 2547 637 2578 17
664 2554 797 2578 versum
816 2545 979 2578 Heinsius
991 2546 1002 2587 ΙΙ
1018 2546 1057 2579 18
1084 2545 1226 2578 fraterna
1254 2547 1287 2578 et
1312 2546 1352 2580 19
1377 2544 1464 2578 dona
1490 2547 1596 2586 temp-

175 2589 250 2621 tavi
266 2587 279 2631 ΙΙ
296 2589 339 2622 20
356 2589 546 2632 minenturfl
572 2590 614 2624 24
638 2589 703 2624 hoc
727 2594 823 2624 aestu
840 2601 949 2624 rerum
968 2594 1080 2624 motus
1097 2589 1216 2624 incedo
1233 2590 1421 2623 Ber-nensis
1437 2589 1450 2633 ΙΙ
1468 2590 1510 2623 29
1527 2598 1595 2632 quo

177 2632 363 2667 stabulum:
389 2637 551 2668 narratio
575 2637 758 2678 amputata
