1728 2886
643 121 831 157 SATfflAE
1398 121 1451 159 95

43 246 67 272 “1
91 249 125 277 1·
153 237 250 276 11330
281 236 440 276 3031133
469 249 612 289 133333
641 238 703 276 sax
733 237 870 288 surgit.
909 250 1020 277 sume
1041 249 1135 290 ergo
1156 238 1398 290 amplexum,
1418 237 1451 278 si

47 300 50 303 ’
96 313 97 316 ¹
118 298 159 332 t.
200 305 330 345 neque
360 298 420 333 est
446 294 552 345 quod
574 294 772 333 curiosum
794 294 964 345 aliquem
985 294 1232 335 extimescas:
1263 294 1382 347 10333
1402 293 1450 334 ab

53 362 63 382 ¹-
85 349 204 390 loco
225 350 344 389 frater
366 349 450 390 est.’
479 350 575 389 dixit
595 350 690 389 haec
711 349 841 398 Circe,
863 350 1176 402 implicitumque
1195 363 1259 391 me
1278 350 1453 391 brachiis

40 405 266 447 '·llioribus
285 406 417 459 pluma
438 406 598 446 deduxit
616 406 657 445 13
680 412 823 445 terram
844 407 951 445 vario
972 407 1148 458 gramine
1169 408 1364 448 indutam:

223 462 340 502 Idaeo
362 463 496 514 quales
516 462 617 502 fudit
637 463 684 502 de
705 462 850 502 vertice
871 462 988 502 flores

222 525 324 559 terra
346 531 502 571 parens,
525 531 614 558 cum
635 531 677 558 se
698 530 890 558 concesso
910 518 1039 558 iunxit
1057 519 1181 558 amori

222 575 399 628 luppiter
421 581 461 615 et
479 580 562 615 toto
584 575 770 627 concepit
788 580 950 627 pectore
971 575 1166 615 flammas.

223 632 419 672 emicuere
439 644 552 672 rosae
572 631 776 683 violaeque
797 637 836 671 et
855 632 972 671 molle
993 644 1112 685 cypei
1115 644 1180 680 on

223 688 390 740 albaque
411 689 459 728 de
479 688 591 728 viridi
611 688 786 728 riserunt
805 688 882 728 lilia
904 694 1037 740 prato:

223 745 310 785 talis
330 746 474 785 humus
493 745 686 785 Venerem
707 745 845 785 molles
866 745 1072 784 clamavit
1062 758 1103 785 13
1124 744 1281 794 11311135,

225 802 505 853 candidiorque
527 802 610 841 dies
630 807 782 842 secreto
804 802 897 841 favit
918 802 1053 841 amori.

37 907 38 910 ¹
133 857 175 897 in
191 857 268 898 hoc
284 859 462 910 gramine
473 858 622 910 pariter
636 858 844 910 compositi
860 858 966 898 mille
982 858 1125 899 osculis
1140 858 1317 907 lusimus,
1333 869 1454 910 11333-

54 919 154 954 ntes
174 914 410 966 voluptatem
435 914 636 955 robustam
721 968 744 992 *

127 1026 134 1079 Ι
160 1027 267 1078 ‘quid
298 1025 397 1066 est?'
426 1027 555 1078 inquit
584 1026 791 1078 ‘numquid
821 1032 859 1066 te
891 1027 1071 1067 osculum
1102 1039 1235 1067 meum
1257 1025 1450 1067 offendit?
1484 1026 1564 1067 128

7 1083 66 1117 >¹e·
89 1100 94 1118 ι
119 1083 212 1135 quid
242 1083 403 1135 spiritus
432 1083 579 1123 ieiunio
610 1081 820 1123 marcens?
854 1083 1047 1135 numquid
1077 1083 1227 1124 alarum
1249 1083 1456 1136 negligens

18 1177 29 1189 Α.
55 1157 85 1175 21·
105 1138 172 1179 ru?
201 1146 269 1180 aut
288 1139 321 1179 si
341 1140 438 1179 haec
460 1152 540 1179 non
563 1145 677 1188 sunt,
705 1140 898 1191 numquid
919 1139 1059 1180 Gitona
1081 1140 1195 1180 times
1206 1138 1238 1179 ‘2’
1268 1140 1458 1193 perfusus

9 1191 87 1251 ζ’...
124 1195 272 1236 rubore
302 1197 512 1237 manifesto
542 1196 657 1236 etiam
689 1196 721 1236 si
751 1196 842 1248 quid
863 1197 1076 1236 habueram
1097 1197 1259 1246 virium,
1290 1196 1455 1249 perdidi,

9 1246 16 1302 f
47 1252 49 1254 ’
90 1265 184 1305 aque
214 1265 381 1305 corpore
403 1253 507 1293 velut
526 1253 657 1292 luxato
679 1253 851 1305 ‘quaeso'
877 1253 1037 1305 inquam
1060 1253 1228 1305 ‘regina,
1259 1254 1342 1293 noli
1362 1265 1455 1306 sug-

8 1309 156 1366 ‘jf⁶“=÷m
175 1309 365 1350 miserias.
406 1309 596 1349 veneficio
618 1315 823 1350 contactus
842 1310 942 1350 sum'

733 1380 755 1405 *

12 1452 34 1475 ᾗ...
133 1423 222 1471 ι1110,
244 1422 415 1475 Chrysis,
436 1423 503 1462 sed
525 1435 682 1462 verum:
706 1423 897 1474 numquid
919 1422 1108 1463 indecens
1123 1435 1209 1463 sum
1222 1421 1242 1462 ’.Ρ
1263 1422 1455 1474 3331113111

12 1470 24 1493 “’
44 1485 55 1529 j
88 1477 252 1531 ompta?
283 1479 476 1530 numquid
506 1479 555 1518 ab
584 1479 715 1531 aliquo
746 1479 912 1519 naturali
939 1479 1034 1519 vitio
1053 1480 1220 1519 formam
1240 1492 1367 1519 meam
1388 1491 1456 1518 ex-

12 1530 24 1588 ,ss
55 1544 58 1545 ’
79 1563 91 1571 s
116 1534 170 1576 o?
202 1535 283 1575 noli
313 1536 495 1588 decipere
525 1536 725 1575 dominam
753 1542 873 1576 tuam.
914 1536 1048 1576 nescio
1070 1535 1162 1587 quid
1183 1535 1456 1588 peccavimus!

64 1592 154 1633 uit
171 1592 314 1632 deinde
334 1593 481 1631 tacenti
501 1593 719 1644 speculum,
741 1598 780 1632 et
799 1597 1007 1645 postquam
1029 1604 1168 1632 omnes
1182 1593 1312 1633 vultus
1327 1599 1455 1645 temp-

47 1694 50 1696 .
73 1649 134 1698 ἰ,
165 1661 266 1701 quos
295 1648 394 1688 solet
423 1650 527 1688 inter
556 1655 731 1689 amantes
760 1649 862 1689 risus
882 1649 1058 1700 fingere,
1089 1650 1260 1689 excussit
1278 1654 1454 1689 vexatam

90 1724 95 1741 t
129 1711 278 1746 vestem
298 1706 519 1757 raptimque
540 1706 675 1745 aedem
698 1705 862 1745 Veneris
882 1705 1051 1745 intravit.
1088 1718 1161 1758 ego
1183 1711 1322 1746 contra
1346 1705 1456 1746 dam-

15 1763 26 1803 ?
47 1807 63 1814 „
102 1775 139 1803 .5
167 1768 208 1802 et
237 1762 347 1813 quasi
377 1762 546 1813 quodam
576 1762 660 1802 visu
682 1762 723 1802 in
745 1762 950 1802 horrorem
972 1762 1187 1814 perductus
1207 1763 1455 1815 interrogare

98 1831 195 1859 ..331
216 1830 347 1858 313331
370 1819 501 1871 coepi,
523 1831 572 1858 an
595 1831 686 1858 vera
707 1819 904 1870 voluptate
924 1818 1125 1859 fraudatus
1146 1830 1283 1859 essem.

25 1890 70 1927 3·
194 1873 201 1931 Ι
228 1880 344 1915 nocte
364 1875 582 1927 soporifera
603 1875 721 1916 veluti
743 1887 831 1915 cum
853 1875 1005 1915 somnia
1026 1875 1170 1915 ludunt

20 1927 71 1987 J*
226 1937 404 1971 errantes
424 1932 560 1972 oculos
581 1932 801 1983 effossaque
821 1931 987 1984 protulit
1005 1943 1144 1971 aurum

19 1983 74 2042 }
223 1988 264 2028 in
286 1988 414 2028 lucem
436 1988 571 2029 tellus:
594 1995 719 2028 versat
739 2001 879 2028 manus
900 1988 1081 2040 improba
1102 1989 1252 2028 furtum

12 2054 58 2102 ᾗ...
226 2041 526 2100 [thesaurosque
546 2045 659 2098 rapit,
681 2045 803 2085 sudor
824 2057 982 2096 quoque
1002 2044 1147 2097 perluit
1168 2041 1250 2099 ora]

31 2107 62 2162 {as
223 2106 264 2140 et
282 2107 456 2141 mentem
477 2102 595 2142 timor
615 2102 716 2142 altus
736 2102 868 2149 habet,
890 2114 940 2141 ne
961 2102 1064 2141 sorte
1084 2107 1284 2153 gravatum

226 2158 396 2197 excutiat
415 2159 607 2210 gremium
629 2159 769 2199 secreti
791 2158 975 2198 conscius
995 2158 1106 2197 auri:

226 2226 316 2254 mox
337 2214 405 2254 ubi
426 2215 615 2267 sugerunt
635 2215 783 2255 elusam
804 2215 943 2267 gaudia
965 2220 1138 2254 mentem

15 2316 17 2319 ⁴
40 2270 74 2323 {³
223 2283 394 2335 veraque
414 2272 540 2311 forma
560 2272 672 2320 redit,
694 2272 860 2319 animus,
884 2272 986 2335 quod
1009 2270 1190 2323 perdidit,
1213 2275 1322 2322 optat

39 2325 77 2429 ξ’
225 2333 342 2380 atque
362 2328 402 2367 in
423 2329 635 2380 praeterita
655 2341 697 2368 53
718 2334 825 2368 totus
846 2328 1017 2379 imagine
1037 2332 1166 2367 versat

139 2438 155 2471 1
181 2438 311 2480 magica
337 2438 550 2473 Strelitzius.
596 2449 662 2481 ego
695 2441 857 2472 orationi
885 2439 1027 2481 aliquid
1058 2438 1254 2470 detractum
1271 2439 1362 2479 puto
1391 2435 1405 2480 ΙΙ
1434 2437 1454 2469 5

28 2447 398 2606 *Bactrianam
411 2483 424 2529 ΙΙ
444 2486 464 2518 6
487 2484 645 2518 confesso
661 2485 673 2527 ΙΙ
695 2486 736 2518 12
754 2486 970 2527 quaerentes]
989 2484 1076 2516 haec
1090 2482 1292 2525 separanda
1309 2491 1430 2515 cmeo
1451 2482 1455 2524 Ι

152 2537 316 2561 omasum
332 2528 426 2563 Circe
443 2528 485 2562 ad
499 2529 709 2574 Polyaenum
729 2528 742 2573 ΙΙ
761 2531 800 2563 15
814 2538 926 2562 macer
942 2529 956 2572 ΙΙ
974 2530 1016 2562 16
1036 2530 1106 2570 aut]
1124 2530 1207 2571 puto
1224 2527 1238 2571 ΙΙ
1258 2528 1297 2562 18
1313 2527 1428 2560 laxato
1450 2526 1456 2569 Ι

18 2588 19 2592 =
86 2574 322 2615 praemissum
347 2574 440 2608 Circe
463 2574 477 2619 fl
502 2576 542 2610 21
569 2576 731 2608 Petronii
750 2575 872 2617 potuit
895 2585 966 2606 ense
993 2573 1134 2607 sormam
1160 2573 1268 2607 1131130
1292 2581 1454 2607 excaeca-

18 2580 137 2662 111111
141 2617 185 2652 24
206 2617 360 2658 fortasse
385 2629 465 2654 usus
485 2619 491 2664 Ι
513 2619 666 2663 frangere
685 2619 697 2663 ΙΙ
716 2621 757 2654 31
784 2623 878 2653 artus
901 2619 1121 2661 florilegium
