1728 2886
232 128 256 166 6
263 128 285 165 8
855 126 1057 161 PETRONII

232 243 335 295 quod
359 242 467 291 dicis,
490 254 581 282 ecce
603 241 719 281 etiam
741 241 875 281 osculo
897 241 993 280 iram
1015 241 1124 281 finio.
1164 242 1309 293 itaque,
1331 243 1436 293 quod
1456 242 1560 283 bene
1580 255 1646 284 ev
1665 291 1667 294 Α

233 300 336 346 niat,
368 299 548 351 expedite
578 298 794 338 sarcinulas
824 304 863 338 et
891 297 950 337 vel
981 298 1190 350 sequimini
1221 311 1283 338 me
1312 299 1393 348 vel,
1423 299 1456 340 si
1476 299 1648 340 mavult·

233 355 390 396 ducite.’
421 355 547 395 adhuc
569 355 819 406 loquebatur,
841 366 931 395 cum
953 355 1110 407 crepuit
1130 355 1273 396 ostium
1295 355 1520 408 impulsum,
1543 356 1651 398 stetit

233 424 309 463 que
341 412 381 451 in
414 411 549 451 limine
579 411 715 452 barbis
741 411 997 452 horrentibus
1018 418 1135 465 napta
1157 417 1196 452 et
1216 411 1407 452 ‘moraris'
1429 412 1557 465 inquit
1577 412 1622 453 ‘E
1647 448 1661 460 „

233 469 384 520 molpe,
417 474 605 520 tanquam
635 468 876 521 propudium
898 468 1083 520 ignores’.
1125 468 1227 509 haud
1250 481 1384 518 mora,
1415 481 1554 510 omncs
1575 481 1651 510 con

232 525 452 576 surgimus,
485 530 523 565 et
543 525 764 578 Eumolpus
794 525 955 577 quidem
985 526 1305 565 mercennarium
1327 538 1442 566 suum
1472 525 1548 566 iam
1579 526 1661 568 olim

233 582 494 621 dormientem
527 582 633 622 exire
655 594 744 622 cum
765 582 930 635 sarcinis
950 581 1072 622 iubet.
1113 595 1187 634 ego
1209 595 1298 622 cum
1321 582 1464 622 Gitone
1485 583 1659 636 quicqui

233 644 336 686 erat,
358 638 399 678 in
422 638 495 678 iter
516 651 714 691 compono
737 645 775 678 et
794 638 963 679 adoratis
983 638 1178 679 sideribus
1199 639 1306 678 intro
1328 639 1523 691 navigium

946 709 969 734 *

122 754 202 794 100
350 752 573 792 ‘molestum
606 757 664 791 est
685 752 792 803 quod
813 763 914 803 puer
934 752 1078 804 hospiti
1100 752 1240 804 placet.
1283 751 1376 803 quid
1398 751 1561 793 autem?
1592 765 1644 792 no

235 819 447 847 commune
479 814 558 856 est,
591 807 697 859 quod
730 814 868 847 natura
899 808 1091 860 optimum
1123 807 1243 848 fecit?
1274 808 1332 849 sol
1353 809 1539 850 omnibus
1559 809 1661 850 luc·

234 864 327 903 luna
350 864 707 904 innumerabilibus
728 865 911 905 comitata
933 865 1127 905 sideribus
1149 866 1264 905 etiam
1284 866 1388 905 feras
1408 865 1516 906 ducit
1535 866 1582 906 ad
1603 879 1661 919 pz,

235 920 385 960 bulum.
428 921 522 972 quid
543 921 655 973 aquis
676 921 752 962 dici
773 922 984 962 formosius
1005 921 1164 974 potest?
1195 922 1234 962 in
1256 921 1417 974 publico
1439 930 1570 963 tamen
1591 935 1644 963 m

236 983 344 1017 nant.
405 977 513 1018 solus
549 990 642 1029 ergo
673 990 784 1018 amor
822 980 969 1019 furtum
1010 979 1143 1031 potius
1173 991 1288 1030 quam
1321 979 1542 1031 praemium
1573 980 1650 1021 erit

235 1034 355 1073 immo
394 1046 486 1074 vero
519 1035 614 1074 nolo
654 1034 800 1074 babere
830 1035 956 1084 bona,
998 1036 1073 1076 nisi
1105 1036 1248 1087 quibus
1277 1035 1449 1088 populus
1479 1036 1609 1076 invide

235 1103 362 1138 unus,
395 1096 433 1130 et
462 1103 603 1140 senex,
628 1104 708 1132 non
732 1092 806 1131 erit
827 1093 976 1144 gravis3
1008 1093 1124 1132 etiam
1147 1105 1235 1131 cum
1258 1092 1426 1132 voluerit
1445 1093 1591 1144 aliquid
1610 1105 1657 1143 su

235 1159 364 1195 mere,
397 1159 498 1199 opus
524 1148 698 1189 anhelitu
723 1148 890 1200 prodet.'
929 1150 1024 1188 haec
1045 1155 1090 1188 ut
1109 1149 1211 1188 infra
1238 1149 1419 1189 fiduciam
1437 1150 1553 1202 posui
1569 1150 1627 1190 fra
1650 1144 1651 1150 ¹

236 1203 400 1254 davique
442 1205 617 1244 animum
647 1205 923 1254 dissidentem,
965 1206 1077 1258 coepi
1109 1218 1293 1245 somnum
1326 1205 1470 1246 obruto
1501 1206 1661 1251 tunicu„

235 1259 363 1312 capite
381 1261 552 1300 mentiri.
1656 1290 1657 1295 =

352 1316 420 1356 sed
452 1323 616 1369 repente
659 1318 768 1369 quasi
799 1318 1026 1358 destruente
1064 1319 1226 1358 fortuna
1257 1319 1517 1359 constantiam
1548 1331 1624 1360 me
1648 1319 1655 1351 ι’

238 1373 430 1413 eiusmodi
450 1386 525 1414 vox
546 1387 666 1426 super
687 1380 931 1415 constratum
954 1375 1099 1428 puppis
1120 1375 1366 1428 congemuit:
1399 1379 1506 1428 ‘ergo
1527 1388 1591 1417 me
1619 1393 1660 1417 ι.»
1707 1397 1711 1404 ·

237 1427 365 1468 risit?'
407 1436 447 1470 et
476 1431 572 1470 haec
603 1431 760 1483 quidem
792 1431 915 1471 virilis
945 1438 984 1471 et
1012 1444 1139 1484 paene
1168 1432 1330 1472 auribus
1360 1432 1456 1472 meis
1477 1432 1625 1474 famili.-
1707 1464 1710 1478 ,

238 1485 412 1525 animum
455 1487 711 1539 palpitantem
753 1488 961 1539 percussit.
1022 1494 1197 1528 ceterum
1237 1489 1374 1528 eadem
1402 1489 1656 1541 indignatio?
1706 1487 1712 1529 Ξ

238 1542 379 1582 mulier
406 1543 573 1584 lacerata
594 1544 760 1584 ulterius
782 1545 992 1584 excanduit
1012 1550 1050 1584 et
1071 1545 1117 1585 ‘si
1139 1545 1226 1596 quis
1247 1546 1344 1586 deus
1363 1545 1548 1588 manibus
1568 1546 1655 1587 me'

238 1599 368 1650 inquit
390 1599 545 1640 ‘Gitona
565 1601 812 1653 imponeret,
843 1613 959 1653 quam
980 1601 1083 1643 bene
1105 1602 1259 1642 exulem
1280 1602 1529 1655 exciperem’.
1569 1609 1658 1644 ute
1706 1608 1710 1658 ξ

240 1667 316 1706 que
348 1662 528 1696 nostrum
567 1664 644 1697 tam
677 1657 925 1710 inexpectato
956 1659 1058 1699 ictus
1087 1671 1188 1699 sono
1220 1658 1404 1700 amiserat
1431 1659 1616 1712 sanguin¹
1706 1658 1711 1710 ζ

239 1724 313 1764 ego
343 1714 556 1766 praecipue
578 1714 688 1766 quasi
710 1715 864 1754 somnio
886 1715 1055 1767 quodam
1079 1714 1309 1756 turbulento
1331 1716 1592 1757 circumactus
1620 1714 1662 1766 ‘'1st
1706 1725 1709 1762 ,ἱ

239 1781 375 1808 vocem
398 1770 538 1822 collegi
559 1770 912 1823 tremebundisque
932 1771 1116 1812 manibus
1131 1772 1314 1824 Eumolpi
1333 1772 1411 1812 iam
1431 1773 1471 1813 in
1494 1785 1640 1826 sopor
1705 1769 1710 1783 ²

241 1824 411 1866 labentis
441 1827 623 1867 laciniam
653 1827 746 1867 duxi
776 1833 814 1866 et
836 1831 920 1880 ‘per
940 1828 1069 1868 fidem’
1090 1829 1252 1880 inquam
1274 1832 1420 1882 ‘pater‚
1450 1829 1563 1871 cuius
1705 1829 1709 1865 ''ss

239 1881 348 1921 navis
379 1888 457 1931 est,
490 1890 557 1923 aut
586 1896 687 1936 quos
717 1883 851 1933 vehat,
881 1884 1012 1925 dicere
1043 1883 1197 1937 potes?'
1248 1885 1488 1937 inquietatus
1506 1886 1571 1927 ille
1602 1904 1646 1923 us
1704 1894 1708 1911 ⁴

238 1937 334 1977 leste
355 1939 443 1979 tulit
464 1946 503 1980 et
523 1941 612 1980 ‘hoc
633 1940 728 1980 erat’
750 1940 880 1992 inquit
902 1942 1021 1993 ‘quod
1042 1942 1248 1994 placuerat
1267 1942 1359 1992 tibi,
1381 1948 1425 1983 ut
1443 1955 1563 1996 supra
1584 1955 1632 1984 co
1705 1970 1710 1979 ι

239 2000 405 2035 stratum
438 1997 545 2036 navis
576 2009 862 2049 occuparemus
891 1998 1198 2039 secretissimum
1219 1999 1372 2048 locum,
1404 2012 1455 2040 ne
1477 2012 1551 2041 nos
1569 2012 1619 2053 pa
1642 2043 1643 2046 ,
1704 2028 1707 2034 =

239 2051 340 2091 reris
359 2052 640 2104 requiescere?
671 2053 766 2106 quid
787 2067 907 2107 porro
927 2055 976 2095 ad
995 2067 1079 2095 rem
1100 2055 1294 2107 pertinet,
1316 2056 1348 2096 si
1369 2055 1505 2097 dixero
1519 2056 1655 2111 Lic14
1704 2061 1709 2103 ζ

241 2107 503 2149 Tarentinum
539 2123 626 2150 esse
665 2110 870 2150 dominum
907 2111 1072 2152 huiusce
1104 2112 1267 2164 navigii,
1306 2112 1375 2164 qui
1405 2113 1614 2166 Tryphaen
1641 2109 1647 2114 ’
1704 2106 1708 2158 ῗ

128 2166 204 2206 101
240 2165 393 2205 exulem
425 2166 639 2207 Tarentum
670 2165 815 2207 ferat?
856 2168 1044 2208 intremui
1074 2174 1164 2221 post
1193 2169 1268 2208 hoc
1298 2169 1445 2210 Fulmen
1476 2170 1602 2211 attoni
1635 2217 1639 2221 ⁴
1704 2203 1707 2218 2

240 2221 456 2274 iuguloque
487 2224 640 2264 detecto
672 2224 908 2276 ‘aliquando’
938 2225 1101 2277 inquam
1122 2229 1262 2265 ‘totum
1282 2238 1366 2275 me,
1398 2226 1596 2277 Fortuna,
1636 2244 1648 2278 '.
1704 2233 1709 2274 ξ

240 2277 354 2318 cisti’.
398 2293 487 2320 nam
510 2280 627 2320 Giton
660 2281 819 2332 quidem
849 2293 970 2334 super
1000 2288 1140 2334 pectus
1169 2294 1302 2323 meum
1332 2283 1483 2335 positus
1506 2283 1573 2325 diu
1603 2297 1647 2334 -ιζ

240 2346 343 2373 mam
375 2337 468 2387 egit.
510 2338 651 2378 deinde
674 2344 717 2377 ut
738 2338 886 2378 effusus
905 2338 1027 2379 sudor
1046 2340 1253 2391 utriusque
1273 2339 1455 2392 spiritum
1475 2352 1602 2381 revoc
1616 2380 1618 2382 ,
1631 2341 1634 2347 “

240 2393 526 2443 comprehendi
548 2393 733 2446 Eumolpi
763 2407 892 2446 genua
922 2400 961 2435 et
992 2396 1203 2436 ‘miserere’
1232 2396 1394 2448 inquam
1415 2397 1629 2438 ‘morienti

357 2539 376 2570 5
403 2538 651 2580 properandum
669 2539 886 2574 Tornaesius
906 2543 1099 2584 proposuit
1113 2541 1126 2585 ΙΙ
1144 2543 1164 2575 8
1188 2541 1222 2575 in
1248 2541 1333 2576 alter
1349 2540 1363 2586 ΙΙ
1382 2543 1423 2577 10
1447 2541 1622 2584 fecerun
1638 2565 1645 2579 «,

244 2579 339 2622 legia
369 2581 381 2625 ΙΙ
415 2584 455 2616 16
481 2584 567 2617 intra
596 2584 811 2618 Tornaesius
834 2586 847 2629 ΙΙ
875 2587 915 2621 17
941 2585 1152 2620 diffidentem
1175 2586 1330 2632 Doueau
1347 2587 1389 2622 21
1415 2590 1452 2622 at
1474 2587 1584 2632 haec!

243 2627 337 2659 tasse
361 2627 462 2670 plane
481 2628 492 2672 ΙΙ
511 2629 554 2662 24
579 2629 654 2663 exul
682 2640 759 2664 eum
785 2630 988 2665 Strelitzz'us
1008 2633 1014 2676 Ι
1035 2631 1225 2675 exciperet:
1251 2633 1448 2676 exciperent
1471 2632 1593 2668 Roisle‘
1634 2633 1636 2639 ’
