1728 2886
687 131 873 167 SATIRAE
1441 134 1495 174 53

19 248 62 299 Ι)
173 244 255 284 ibat
273 256 337 284 res
367 245 412 284 ad
444 249 635 285 summam
666 258 874 295 nauseam,
912 259 1002 287 cum
1034 247 1270 288 Trimalchio
1311 248 1498 289 ebrietate

46 301 328 365 ”turpissima
308 302 432 341 oravis
456 314 598 342 novum
619 314 819 350 acroama,
842 304 1087 353 cornicines,
1119 305 1159 344 in
1181 304 1395 345 triclinium
1417 305 1496 345 ius-

46 357 113 399 sit.
130 357 291 406 adduci,
323 357 522 410 fultusque
542 359 798 399 cervicalibus
818 360 950 400 multis
970 361 1146 401 extendit
1164 374 1206 402 se
1226 374 1347 413 super
1366 367 1496 402 torum

62 419 281 455 extremum
310 420 349 453 et
379 414 528 466 ‘fingite
557 415 633 454 me’
663 415 793 467 inquit
821 419 1034 456 ‘mortuum
1065 430 1163 457 esse.
1204 418 1322 458 dicite
1352 418 1496 482 aliquid

14 478 36 512 5
61 469 178 511 belli'.
218 482 468 511 consonuere
498 471 723 512 cornicines
751 472 908 512 funebri
939 473 1118 525 strepitu.
1161 487 1265 514 unus
1286 476 1497 527 praecipue

20 552 21 555 =
61 538 198 568 servus
227 527 428 567 libitinarii
458 527 582 576 illius,
622 529 688 579 qui
720 529 825 568 inter
852 529 926 569 hos
956 530 1256 570 honestissimus
1286 537 1388 580 erat,
1420 538 1498 571 tam

61 583 170 624 valde
192 584 376 631 intonuit,
397 591 440 624 ut
459 589 578 624 totam
609 585 826 625 concitaret
845 585 1041 625 viciniam.
1081 587 1213 638 itaque
1242 587 1398 639 vigiles,
1431 588 1499 639 qui

62 640 338 680 custodiebant
365 641 531 680 vicinam
561 641 786 692 regionem,
825 642 898 682 rati
928 642 1065 682 ardere
1095 643 1398 684 Trimalchionis
1427 645 1498 683 do-

63 708 170 737 mum
184 727 195 745 ‚
226 697 468 748 effregerunt
496 697 655 737 ianuam
683 699 814 738 subito
835 704 875 738 et
895 711 985 739 cum
1006 711 1107 751 aqua
1127 700 1413 751 securibusque
1434 707 1497 740 tu-

14 759 35 794 0
62 753 247 793 multuari
268 765 339 794 suo
361 753 446 793 iure
466 761 695 807 coeperunt.
738 768 810 795 nos
842 756 1090 796 occasionem
1120 757 1498 808 opportunissimam
1545 787 1559 803 *-

64 810 168 850 nacti
201 811 484 860 Agamemnoni
514 810 632 850 verba
662 811 840 852 dedimus
871 813 1092 864 raptimque
1123 818 1201 853 tam
1231 813 1349 866 plane
1380 825 1498 864 quam

65 878 113 906 ex
134 866 318 906 incendio
340 867 523 918 fugimus.

19 977 51 1012 Ia
179 977 186 1032 Ι
214 989 342 1029 neque
362 979 424 1017 fax
444 978 520 1017 ulla
550 978 591 1017 in
613 978 805 1030 praesidio
827 986 932 1028 erat,
955 993 1054 1031 quae
1075 981 1151 1020 iter
1169 982 1342 1032 aperiret
1362 994 1497 1022 erran·
1513 983 1566 1024 79

61 1033 188 1082 tibus,
221 1046 295 1074 nec
325 1034 523 1074 silentium
555 1035 682 1075 noctis
711 1035 785 1075 iam
817 1036 967 1076 mediae
999 1037 1253 1088 promittebat
1283 1050 1499 1078 occurren-

61 1091 159 1132 tium
190 1091 337 1131 lumen.
396 1090 606 1130 accedebat
642 1091 720 1131 huc
760 1092 927 1133 ebrietas
958 1099 996 1133 et
1025 1093 1290 1145 imprudentia
1322 1094 1498 1135 locorum

62 1147 178 1188 etiam
198 1147 367 1187 interdiu
391 1146 586 1187 obfutura.
631 1148 762 1199 itaque
791 1161 880 1188 cum
903 1150 1000 1189 hora
1021 1162 1147 1202 paene
1167 1156 1248 1190 tota
1270 1163 1342 1203 per
1362 1163 1500 1191 omnes

60 1216 227 1256 scrupos
246 1209 544 1256 gastrarumque
565 1204 824 1244 eminentium
845 1207 1062 1257 fragmenta
1083 1207 1334 1247 traxissemus
1355 1219 1500 1248 cruen-

64 1266 126 1301 tos
153 1261 293 1313 pedes,
323 1260 480 1300 tandem
512 1260 682 1312 expliciti
714 1262 894 1302 acumine
905 1236 1080 1304 eGitonis
1118 1276 1266 1304 sumus.
1325 1264 1500 1317 prudens

63 1316 168 1357 enim
199 1313 378 1372 [pridie],
416 1329 506 1356 cum
536 1317 624 1356 luce
656 1318 772 1357 etiam
803 1318 907 1358 clara
938 1319 1093 1360 timeret
1122 1332 1319 1369 errorem,
1361 1333 1501 1361 omncs

62 1373 161 1426 pilas
190 1373 476 1425 columnasque
507 1380 708 1414 notaverat
736 1381 865 1424 creta,
898 1388 999 1428 quae
1028 1376 1268 1417 lineamenta
1298 1378 1502 1418 evicerunt

60 1429 337 1483 spississimam
362 1436 515 1469 noctem
547 1436 586 1469 et
616 1431 777 1470 notabili
798 1432 970 1473 candore
993 1434 1254 1474 ostenderunt
1274 1434 1500 1474 errantibus

63 1487 176 1527 viam.
217 1487 392 1538 quamvis
422 1499 503 1526 non
535 1487 665 1527 minus
685 1487 841 1529 sudoris
861 1489 1070 1530 habuimus
1091 1490 1206 1529 etiam
1227 1496 1436 1543 postquam
1453 1490 1501 1530 ad

62 1543 256 1583 stabulum
279 1543 542 1594 pervenimus.
582 1555 681 1584 anus
711 1544 817 1584 enim
847 1545 930 1597 ipsa
951 1546 1054 1586 inter
1074 1546 1335 1587 deversitores
1355 1547 1502 1587 diutius

66 1599 304 1652 ingurgitata
344 1611 393 1638 ne
431 1599 564 1651 ignem
594 1601 750 1652 quidem
781 1601 979 1642 admotum
1010 1603 1209 1643 sensisset.
1269 1609 1308 1643 et
1337 1603 1499 1644 forsitan

65 1662 408 1709 pernoctassemus
436 1655 475 1695 in
518 1656 672 1704 limine,
715 1657 754 1696 ni
793 1657 1016 1699 tabellarius
1047 1659 1346 1700 Trimalchionis
1376 1660 1501 1700 inter-

66 1712 236 1752 venisset
270 1711 304 1751 X
333 1712 518 1751 vehiculis
548 1713 665 1753 dives.
725 1726 804 1753 non
847 1715 913 1754 diu
943 1727 1038 1767 ergo
1070 1716 1331 1757 tumultuatus
1359 1716 1500 1757 stabuli

67 1770 222 1809 ianuam
244 1769 397 1820 effregit
418 1774 456 1808 et
477 1780 550 1808 nos
570 1781 642 1821 per
662 1770 824 1809 eandem
846 1771 951 1811 intro
973 1771 1127 1812 admisit

766 1841 788 1865 ae

335 1881 460 1932 qualis
481 1893 559 1920 nox
580 1881 652 1921 fuit
672 1882 749 1930 illa,
769 1883 807 1922 di
828 1883 1015 1935 deaeque,

338 1949 454 1989 quam
474 1937 603 1978 mollis
623 1943 746 1979 torus.
786 1939 982 1980 haesimus
1002 1940 1174 1980 calentes

337 2000 376 2033 et
396 1994 681 2034 transfudimus
701 1995 796 2035 hinc
816 2001 855 2035 et
874 1996 968 2036 hinc
988 1996 1136 2037 labellis

337 2056 515 2090 curantes
536 2051 695 2091 animas.
737 2052 874 2115 valete,
897 2064 1015 2092 curae

336 2107 522 2147 mortalis.
563 2119 635 2159 ego
657 2108 713 2148 sic
734 2109 864 2161 perire
886 2109 1012 2161 coepi.

66 2160 153 2202 sine
182 2173 296 2202 causa
327 2163 502 2215 gratulor
531 2163 638 2203 mihi.
699 2177 789 2204 nam
821 2177 910 2205 cum
942 2165 1095 2205 solutus
1124 2177 1234 2205 mero
1265 2165 1502 2206 remisissem

20 2244 31 2248 =-
69 2216 197 2259 ebrias
216 2230 375 2266 manus,
405 2220 603 2272 Ascyltos,
635 2221 764 2262 omnis
783 2221 950 2262 iniuriae
970 2222 1173 2269 inventor,
1203 2221 1389 2261 subduxit
1407 2223 1503 2262 mihi

67 2279 183 2315 nocte
203 2287 369 2327 puerum
393 2282 432 2315 et
451 2276 491 2316 in
513 2276 658 2317 lectum
679 2279 878 2318 transtulit
897 2291 1026 2324 suum,
1049 2278 1321 2330 volutatusque
1341 2278 1503 2319 liberius

69 2341 158 2371 cum
189 2331 309 2371 fratre
340 2344 420 2372 non
452 2345 550 2381 suc,
589 2334 668 2374 sive
709 2347 789 2374 non
830 2335 1026 2374 sentiente
1066 2334 1249 2374 iniuriam
1278 2335 1357 2375 sive
1386 2336 1501 2375 dissi-

69 2386 262 2435 mulante,
300 2387 524 2429 indormivit
560 2389 697 2430 alienis
736 2391 980 2443 amplexibus
1021 2390 1164 2430 oblitus
1202 2391 1298 2431 iuris
1328 2391 1501 2431 humani.

181 2487 201 2521 6
225 2487 422 2522 libertinsrii
445 2489 540 2522 unde
564 2491 720 2523 coniciat
743 2489 875 2532 aliquis
899 2490 956 2534 qui
975 2489 1062 2523 inter
1078 2489 1274 2524 collibertos
1298 2490 1310 2534 ΙΙ
1337 2493 1372 2525 11
1401 2491 1503 2534 plane

162 2541 240 2566 uam
264 2533 450 2577 Iahniusu
468 2535 509 2568 16
535 2534 677 2568 obscura
710 2534 723 2579 Ι
759 2537 798 2569 17
825 2535 956 2578 scirpos
989 2535 1001 2578 ΙΙ
1038 2537 1079 2570 19
1104 2534 1212 2577 pridie
1238 2535 1504 2570 Tomaesiana:

62 2532 217 2656 &ens
238 2578 302 2611 eod
323 2579 477 2612 deletum
500 2579 758 2622 Scaliger-anm
773 2579 786 2624 ΙΙ
805 2581 847 2615 20
873 2582 1032 2624 certaque
1050 2580 1062 2624 ΙΙ
1081 2581 1123 2614 23
1148 2580 1275 2615 lautius
1288 2582 1469 2615 Iaeobsius
1491 2583 1504 2623 ΙΙ

136 2623 303 2666 temptavi
326 2623 478 2658 advectis
495 2624 508 2668 u
526 2626 567 2659 27
593 2626 694 2666 intro]
720 2627 841 2659 terram
859 2625 872 2669 ΙΙ
889 2626 932 2659 33
957 2625 1147 2659 amisissem
