1728 2886
665 139 853 176 SATIRAE
1426 143 1478 181 91

161 253 225 293 hic
245 254 310 293 dat
328 254 411 293 vela
433 254 547 306 fugae
564 254 841 306 Fortunaeque
862 255 993 295 omnia
1014 256 1151 297 credit.

159 310 252 362 quid
272 315 350 349 tam
371 323 489 362 parva
509 309 684 362 queror?
713 311 872 362 gemino
892 324 982 352 cum
1004 313 1167 354 consule
1187 313 1365 366 Magnus,

159 366 223 406 ille
245 373 396 406 tremor
415 367 532 407 Ponti
553 367 735 418 saevique
756 374 938 420 repertor
960 368 1149 422 Hydaspis

160 428 199 462 et
219 422 433 475 piratarum
454 423 651 476 scopulus,
673 423 790 462 modo
812 436 930 475 quem
950 430 1012 464 ter
1032 432 1211 466 ovantem
1365 433 1423 466 240

158 479 335 531 luppiter
355 480 574 527 horruerat,
597 491 714 531 quem
736 480 860 519 fracto
880 481 1034 531 gurgite
1056 482 1206 522 Pontus

159 541 198 575 et
216 542 426 576 veneratus
447 542 529 575 erat
548 535 740 576 submissa
761 536 961 589 Bosporos
981 537 1100 586 unda,

156 603 230 644 pro
251 593 391 643 pudor,
413 592 566 644 imperii
586 592 742 632 deserto
765 593 925 633 nomine
946 594 1056 646 sugit,

155 654 202 688 ut
220 647 393 689 Fortuna
414 648 508 688 levis
529 649 659 700 Magni
681 661 839 701 quoque
858 655 968 702 terga
988 651 1148 691 videret.

213 716 309 756 ergo
330 711 434 744 tanta
455 705 540 745 lues
560 706 691 745 divum
712 718 872 758 quoque
894 707 1057 746 numina
1076 708 1178 757 vicit,
1363 715 1419 748 245
1510 711 1591 751 124

157 761 437 813 consensitque
458 762 573 813 fugae
594 762 689 802 caeli
709 763 839 802 timor.
880 775 972 804 ecce
992 776 1065 816 per
1085 763 1223 805 orbem

155 817 260 857 mitis
280 817 396 857 turha
417 817 534 858 deum
555 824 682 859 terras
703 831 819 860 exosa
840 820 1018 860 furentes

154 874 299 914 deserit
319 880 436 926 atque
458 875 663 915 hominum
684 876 909 915 damnatum
939 877 1129 917 avertitur
1147 890 1302 930 agmen.

156 930 234 970 Pax
254 930 381 982 prima
401 937 492 970 ante
512 931 606 971 alias
627 932 760 972 niveos
779 932 931 984 pulsata
952 933 1118 974 lacertos

153 986 357 1026 abscondit
376 987 486 1039 galea
505 987 650 1027 victum
671 994 790 1040 caput
809 994 926 1040 atque
946 990 1082 1029 relicto
1363 998 1420 1031 250

155 1042 251 1083 orbe
272 1044 388 1095 fugax
408 1043 508 1083 Ditis
527 1044 627 1095 petit
645 1044 888 1096 implacabile
909 1057 1090 1098 regnum.

154 1099 244 1139 huic
266 1112 398 1140 comes
418 1100 448 1139 it
467 1100 658 1141 submissa
680 1101 794 1141 Fides
815 1107 854 1142 et
874 1102 984 1142 crine
1005 1102 1134 1142 soluto

153 1155 303 1196 lustitia
325 1169 370 1196 ac
390 1169 571 1197 maerens
591 1157 718 1197 lacera
735 1158 953 1198 Concordia
975 1159 1087 1210 palla.

153 1218 192 1252 at
212 1219 363 1260 contra,
385 1214 496 1253 sedes
516 1213 635 1253 Erebi
657 1227 734 1266 qua
754 1220 870 1266 rupta
890 1215 1068 1263 dehiscit,

154 1269 319 1321 emergit
337 1270 412 1309 late
434 1270 531 1310 Ditis
552 1270 709 1319 chorus,
731 1271 888 1311 horrida
911 1272 1054 1325 Erinys
1360 1281 1418 1314 255

154 1332 194 1365 et
214 1325 375 1366 Bellona
397 1326 528 1366 minax
552 1327 778 1379 facibusque
799 1334 946 1368 armata
969 1329 1146 1381 Megaera

152 1381 373 1434 Letumque
394 1382 640 1434 Insidiaeque
657 1390 696 1424 et
715 1384 838 1424 lurida
860 1384 999 1425 Mortis
1019 1385 1158 1438 imago.

153 1450 250 1490 quas
271 1438 376 1478 inter
392 1439 532 1488 Furor,
554 1440 732 1492 abruptis
753 1453 824 1481 ceu
847 1441 949 1481 liber
969 1442 1145 1490 habenis,

153 1495 414 1547 sanguineum
434 1496 510 1536 late
530 1496 632 1536 tollit
651 1503 770 1549 caput
791 1510 937 1549 oraque
958 1498 1062 1538 mille

150 1551 379 1592 vulneribus
399 1553 581 1593 confossa
602 1561 766 1593 cruenta
787 1555 935 1594 casside
956 1555 1068 1594 velat.
1360 1564 1418 1598 πο

152 1608 288 1648 haeret
308 1609 474 1648 detritus
493 1609 622 1649 laevae
645 1610 857 1651 Mavortius
878 1611 996 1651 umbo

152 1664 508 1706 innumerabilibus
528 1666 616 1706 telis
636 1666 776 1718 gravis,
798 1673 915 1719 atque
936 1667 1115 1720 flagranti

150 1721 282 1773 stipite
302 1721 435 1761 dextra
466 1722 598 1761 minax
618 1722 734 1763 terris
754 1723 934 1763 incendia
957 1730 1098 1776 portat.

206 1778 326 1817 sentit
344 1784 448 1817 terra
469 1778 564 1818 deos
584 1785 808 1831 mutataque
828 1780 954 1820 sidera
975 1782 1132 1833 pondus

152 1833 376 1885 quaesivere
397 1846 535 1882 suum3
557 1847 726 1887 namque
749 1836 878 1877 omnis
897 1838 1005 1888 regia
1025 1838 1121 1877 caeli
1359 1846 1416 1880 265

151 1889 191 1929 in
213 1895 344 1942 partes
364 1890 520 1931 diducta
541 1892 633 1931 ruit.
675 1892 926 1944 primumque
946 1893 1072 1934 Dione

152 1945 327 1987 Caesaris
347 1954 432 1987 acta
454 1947 514 1987 sui
535 1947 654 1996 ducit,
678 1961 810 1989 comes
840 1949 995 1990 additur
1015 1951 1069 1990 illi

154 2002 279 2042 Pallas
300 2010 338 2043 et
358 2003 562 2055 ingentem
585 2005 764 2056 quatiens
786 2006 997 2047 Mavortius
1017 2007 1179 2048 hastam.

133 2058 335 2111 *Magnum
354 2072 444 2100 cum
467 2060 626 2100 Phoebo
647 2073 762 2102 soror
782 2070 820 2101 et
841 2062 1012 2115 Cyllenia
1034 2064 1166 2116 proles

150 2116 294 2168 excipit
314 2128 358 2156 ac
379 2117 472 2157 totis
491 2117 628 2157 similis
649 2118 879 2171 Tirynthius
899 2120 1007 2160 actis.
1359 2126 1417 2160 270

207 2172 450 2213 intremuere
470 2173 588 2213 tubae
608 2186 654 2214 ac
674 2176 795 2215 scisso
818 2176 1016 2215 Discordia
1037 2176 1148 2216 crine

141 2228 290 2269 extulit
308 2229 355 2269 ad
377 2242 544 2282 superos
564 2231 740 2284 Stygium
763 2238 891 2284 caput.
934 2233 1048 2273 huius
1068 2233 1107 2272 in
1131 2245 1200 2272 ore

151 2291 363 2326 concretus
383 2286 555 2338 sanguis,
577 2293 821 2340 contusaque
842 2289 990 2329 lumina
1012 2289 1180 2329 flebant:

151 2340 308 2382 stabant
328 2343 448 2382 aerati
469 2343 606 2383 scabra
629 2344 810 2396 rubigine
831 2345 983 2394 dentes,

151 2397 241 2438 tabo
261 2398 395 2451 lingua
415 2399 555 2447 fluens,
577 2399 734 2441 obsessa
755 2401 995 2442 draconibus
1016 2414 1097 2450 ora,
1359 2409 1416 2442 275

151 2459 269 2507 atque
289 2455 498 2495 intertorto
518 2457 726 2496 laceratam
746 2463 906 2509 pectore
926 2464 1070 2498 vestem

153 2543 219 2578 239
235 2541 349 2577 Parthi
373 2546 510 2577 conieci
525 2545 538 2589 ΙΙ
557 2546 618 2579 241
647 2548 782 2579 ornarat
797 2546 1021 2579 Schrader-us
1038 2547 1050 2590 ΙΙ
1069 2548 1132 2580 245
1159 2545 1242 2580 vidit
1257 2545 1270 2591 ΙΙ
1290 2548 1355 2582 250
1380 2547 1471 2592 palla

20 2584 262 2622 asub-adorus
288 2589 301 2631 ΙΙ
331 2590 395 2623 267
421 2600 511 2623 arma
525 2591 800 2632 Paesernatiusn
819 2592 884 2626 269
902 2601 1093 2636 magnaque
1118 2601 1194 2626 cum
1218 2591 1231 2636 ΙΙ
1258 2593 1321 2628 271
1344 2602 1385 2627 ac
1402 2603 1471 2627 om.

40 2631 156 2667 adca:
178 2633 363 2667 Pandam
385 2634 477 2669 8049
495 2635 589 2679 11273
613 2635 766 2675 fortasse
789 2635 871 2670 fletu
889 2635 902 2680 [1
920 2638 986 2671 274
1009 2636 1084 2670 irati
