1728 2886
219 134 300 177 176
443 114 453 166 f
706 129 710 132 ·
818 135 1043 171 vARRoms

859 249 912 291 xl
934 251 1018 302 (18)

131 318 188 352 127
362 308 456 361 quid
477 308 674 356 dubitatis,
697 313 829 348 utrum
850 320 960 348 nunc
982 308 1067 349 sitis
1087 308 1351 361 cercopitheci
1680 326 1697 340 ·

363 378 412 406 an
435 365 621 406 colubrae
642 377 690 404 an
713 364 844 404 volvae
866 364 914 405 de
934 364 1073 405 Albuci
1095 364 1218 406 subus
1239 364 1434 407 Athenis?
1669 349 1697 409 ᾗ

755 491 758 494 ,
852 444 923 483 xn
945 445 1030 495 (26)
1674 438 1699 505 ἰῇ-

133 507 190 541 128
363 501 508 553 hospes
531 500 625 552 quid
647 501 766 541 miras
788 513 950 541 nummo
972 513 1111 541 curare
1134 499 1343 554 Serapim?
1644 522 1649 529 ·
1672 496 1699 555 ἐξ

423 557 514 610 quid
538 558 649 610 quasi
671 571 752 598 non
774 565 886 598 curet
905 559 1003 598 tanti
1024 558 1116 598 item
1138 558 1366 599 Aristoteles
1624 580 1626 582 ·
1671 554 1697 606 {235

842 636 932 677 xm
953 639 1039 688 (27)
1672 594 1703 702 ξ

134 699 191 734 129
363 696 431 733 aut
450 693 586 734 ambos
606 694 703 734 mira
725 699 792 734 aut
813 694 894 734 noli
914 694 1057 734 mirare
1078 693 1125 734 de
1147 706 1209 733 me
1230 694 1277 734 de
1298 693 1439 734 eodem
1624 723 1627 726 -
1672 694 1703 747 ᾗ

838 772 945 812 xnn
965 773 1053 824 (40)
1675 746 1682 751 '⁷

134 835 191 870 130
765 835 808 869 ut
828 829 968 870 Noides
990 829 1196 870 undicolae
1684 824 1702 877 ’ξ’

858 908 925 948 XV
945 910 1031 960 (36)

137 983 193 1018 131
365 977 557 1031 Phrygius
577 989 650 1030 per
670 990 756 1018 ossa
778 980 925 1018 cornus
946 977 1092 1030 liquide
1115 977 1220 1018 canit
1240 978 1369 1019 anima

852 1067 935 1107 XVI
957 1069 1040 1119 (35)

134 1143 192 1177 132
364 1137 434 1177 tibi
457 1135 605 1190 ty'pana
627 1149 708 1176 non
730 1136 837 1177 inani
859 1136 994 1176 sonitu
1016 1136 1142 1176 matri’
1160 1136 1277 1176 deum

368 1195 543 1235 tonimus
563 1194 698 1234 chorus
717 1193 786 1233 tibi
811 1206 895 1240 nos,
915 1193 986 1232 tibi
1009 1205 1117 1232 nunc
1139 1192 1311 1233 semiviri

366 1257 529 1292 teretem
552 1263 705 1291 comam
725 1251 920 1291 volantem
942 1250 1086 1289 iactant
1107 1249 1177 1290 tibi
1198 1249 1331 1290 famuli

839 1329 942 1369 XVII
982 1331 1035 1370 44

103 1402 105 1405 ’
134 1407 191 1440 133
363 1411 484 1451 apage
506 1402 545 1438 in
568 1398 784 1438 dierectum
805 1401 826 1437 a
848 1330 1120 1437 domo(no)stra
1141 1400 1253 1437 istam
1275 1396 1523 1437 insanitatem

845 1475 966 1515 XVIII
989 1476 1045 1528 (1)

139 1554 195 1588 134
369 1546 463 1597 quin
487 1545 582 1585 mssii
603 1548 846 1598 caperratum
869 1551 975 1584 tuam
998 1545 1169 1584 frontem
1193 1543 1378 1593 strobile,
1401 1542 1576 1584 omittis?

834 1623 974 1663 XVIIII
996 1625 1055 1675 (3)

138 1691 194 1724 135
368 1693 476 1721 nunc
498 1681 630 1722 cor-ius
652 1681 801 1721 ulmum
823 1693 908 1721 cum
929 1687 1020 1721 tuus
1036 1680 1202 1734 depavit,
1224 1677 1385 1733 pergis?
1407 1679 1492 1720 heia

827 1748 833 1753 '
867 1760 936 1799 xx
957 1761 1013 1811 (2)

140 1827 195 1860 136
370 1820 508 1857 eontra
531 1829 620 1857 cum
642 1817 766 1870 psalte
787 1817 888 1857 Pisia
911 1823 949 1857 et
969 1829 1059 1857 cum
1080 1816 1195 1856 Flora
1215 1816 1370 1856 lurcare
1391 1818 1436 1856 {ic
1456 1815 1600 1869 strepis

852 1896 938 1936 XXI
958 1898 1046 1946 (19)
1693 1922 1698 1940 ¹,

140 1963 197 1998 137
369 1960 410 1992 tu
434 1957 515 1993 non
538 1953 700 2002 insanis,
723 1957 843 2005 quom
865 1953 934 1993 tibi
955 1954 1045 1992 vino
1067 1955 1212 2004 corpus
1232 1954 1454 2004 corrump1s
1473 1949 1614 1992 mero?
1679 1950 1695 2002 ᾗ
1710 1975 1728 2001 ;

839 2031 945 2072 XXII
967 2031 1052 2084 (28)

139 2101 196 2135 138
367 2093 407 2129 in
428 2090 577 2130 somnis
598 2091 716 2139 venit,
737 2089 846 2130 iubet
866 2102 928 2131 me
949 2091 1107 2141 caepam
1130 2100 1214 2128 esse
1235 2093 1275 2127 et
1294 2084 1544 2140 sisffmbrium

345 2203 406 2236 127
433 2201 478 2236 N.
502 2213 536 2244 p.
562 2202 624 2236 201
654 2200 790 2234 colubra
821 2200 826 2244 Ι
856 2200 979 2234 bolvae
1004 2210 1045 2234 an
1071 2199 1113 2234 de
1138 2199 1217 2233 albu
1243 2199 1339 2233 cibus
1362 2198 1461 2233 labus
1485 2197 1662 2244 Athenisfl
1727 2230 1728 2238 ,

231 2249 293 2283 128
320 2247 365 2281 Ν.
388 2259 422 2291 p.
449 2249 515 2282 480
539 2247 641 2280 miras
662 2246 667 2289 Ι
688 2248 838 2288 nummo]
863 2246 976 2280 animo
999 2246 1003 2283 Ι
1025 2248 1118 2279 curat
1143 2244 1323 2279 tantidem:
1362 2245 1449 2278 latet
1471 2245 1543 2278 tale
1567 2243 1676 2283 Sera-,

228 2293 298 2336 pim
325 2293 484 2337 quidvis?
509 2302 576 2326 non
603 2296 698 2326 curat
722 2292 805 2326 tanti
831 2291 920 2325 idem
946 2291 1010 2325 A.?
1036 2290 1048 2334 ΙΙ
1075 2292 1139 2326 129
1163 2290 1210 2324 Ν.
1232 2301 1267 2334 p.
1293 2290 1358 2324 480
1383 2289 1485 2324 miras
1504 2292 1589 2334 post
1612 2288 1681 2334 fr.-

232 2341 294 2373 128
329 2339 333 2380 Ι
367 2338 431 2372 deo
456 2349 510 2372 me
534 2337 589 2371 vel
611 2337 701 2372 idem
737 2337 856 2378 eodem
891 2340 934 2370 ut
964 2338 1003 2369 in
1026 2336 1154 2369 mutila
1178 2337 1352 2369 sententia
1378 2337 1631 2379 proposuimus
1679 2370 1682 2377 ,

233 2386 295 2418 130
320 2383 365 2418 N.
387 2395 421 2427 p.
445 2385 510 2418 250
536 2383 647 2418 colere
664 2382 676 2428 ss
698 2384 759 2418 131
782 2382 826 2416 Ν.
836 2393 872 2426 p.
893 2383 958 2417 233
984 2381 1095 2416 anima
1120 2385 1155 2415 et
1174 2392 1210 2425 p.
1232 2382 1299 2416 334
1322 2379 1490 2425 liquidum
1508 2379 1521 2425 ΙΙ
1538 2381 1603 2416 132
1654 2403 1664 2414 .

225 2441 261 2472 μ
287 2431 330 2463 49
356 2430 506 2471 tonimus
531 2433 566 2462 et
589 2429 751 2472 deinceps
774 2428 911 2471 tibinos‚
948 2437 966 2460 a
1002 2427 1095 2460 tibiis
1132 2426 1253 2461 modos
1288 2429 1322 2459 et
1343 2437 1378 2470 p.
1403 2426 1470 2461 328
1502 2426 1628 2460 iactare
1655 2425 1660 2470 Ι
1686 2450 1690 2451 ⁷

229 2475 349 2508 modos
373 2476 504 2518 Popma
528 2476 691 2516 inseruit,
717 2484 786 2517 quo
809 2474 934 2507 melius
957 2475 1036 2506 erat
1059 2475 1160 2506 tonos
1192 2472 1197 2515 Ι
1230 2472 1359 2505 iactant
1381 2470 1445 2505 tibi
1468 2469 1663 2515 3611111133

229 2519 274 2553 Ν.
300 2531 332 2563 p.
358 2522 401 2554 49
427 2520 567 2554 dierecti
592 2523 626 2553 et
647 2531 682 2563 p.
709 2521 773 2554 122
798 2519 963 2553 insanitas
986 2518 998 2561 ΙΙ
1028 2519 1094 2552 134
1115 2517 1160 2552 N.
1179 2527 1218 2561 p.
1243 2518 1263 2551 9
1289 2525 1465 2561 caperrata
1491 2516 1504 2561 fl
1529 2517 1592 2551 135
1617 2514 1685 2552 Ν.

226 2577 263 2609 p.
292 2567 355 2600 199
382 2566 492 2599 corius
510 2566 521 2610 ΙΙ
542 2566 605 2601 136
629 2564 675 2599 Ν.
694 2576 732 2608 p.
753 2567 791 2600 11
818 2565 975 2598 lurcones
992 2562 1005 2607 11
1025 2564 1087 2598 137
1111 2562 1156 2597 Ν.
1168 2573 1204 2606 p.
1221 2564 1288 2597 344
1311 2571 1441 2596 merum
1460 2560 1468 2607 Ι
1488 2572 1556 2606 quo
1580 2562 1670 2596 tibi:

230 2610 323 2655 quod
347 2611 393 2644 ibi
420 2612 573 2644 Hauetus
600 2611 612 2654 ΙΙ
645 2612 708 2646 138
733 2610 778 2645 Ν.
797 2621 836 2654 p.
862 2612 923 2645 201
951 2619 1074 2654 caepa:
1109 2619 1182 2642 non
1203 2611 1293 2652 puto
1318 2617 1485 2645 numeros
1506 2606 1662 2648 fortuito
1684 2609 1686 2612 ’

229 2659 332 2690 natos
353 2656 358 2699 Ι
379 2658 413 2689 et
438 2655 648 2691 sessiminum
1079 2683 1082 2686 .
1686 2666 1690 2667 ⁷
