1728 2886
181 140 202 178 1
209 139 230 179 7
237 140 260 178 8
793 140 1010 176 VARRONIS

764 255 924 296 XXXIII
945 256 1030 307 (33)

91 328 149 364 149
319 323 405 363 iens
421 322 582 363 domum
601 328 760 376 praeter
778 323 914 364 matris
934 323 1051 364 deum
1072 324 1209 365 aedem
1230 327 1395 368 exaudio
1416 329 1614 382 cymbalo·

178 393 268 420 rum
290 379 463 420 sonitum

753 437 931 477 XXXIIII
950 439 1037 489 (34)

92 511 151 546 150
323 517 413 546 cum
434 505 500 545 illo
522 505 634 555 veni,
655 505 768 546 video
790 505 982 556 gallorum
1003 506 1265 558 frequentiam
1286 508 1326 548 in
1349 509 1517 563 templo,
1548 512 1614 563 qui
1677 510 1682 535 ³*

181 575 271 602 cum
302 575 322 602 e
354 574 494 602 scaena
525 574 712 603 coronam
743 562 908 602 adlatam
937 563 1162 615 imponeret
1177 564 1311 606 aedilis
1331 566 1465 619 signo,
1496 580 1615 620 syno-

180 619 282 659 diam
303 619 497 672 gallantes
518 620 624 659 vario
646 618 881 659 recinebant
901 619 1029 659 studio

772 697 909 737 xxxv
929 699 1015 749 (37)

92 773 147 806 151
319 766 387 806 ubi
407 767 540 806 vident
569 780 610 807 se
638 766 834 807 cantando
864 779 910 806 ex
942 779 1008 806 ara
1030 774 1237 809 excantare
1258 782 1339 809 non
1361 762 1491 823 posse,
1513 771 1617 811 deri·
1694 770 1701 784 ³

181 836 275 876 pere
297 823 493 876 incipiunt

767 879 921 920 XXXVI
942 881 1028 931 (29)
1507 929 1516 935 ⁴

97 954 153 988 152
325 962 397 1001 ego
419 948 615 988 medicina
645 948 782 1000 Serapi
811 954 927 997 utor,
963 948 1106 989 cotidie
1139 956 1394 1003 praecantor‚
1430 951 1617 1005 intellego
1680 938 1705 1003 ξ

181 1013 287 1047 recte
309 1006 499 1059 scriptum
522 1018 608 1046 esse
630 1005 813 1058 Delphis:
855 1005 953 1060 θεῷ
976 1003 1086 1048 ἕπου
1686 1007 1703 1031 ἰ

762 1084 936 1124 xxxvn
955 1086 1042 1136 (30)

95 1159 149 1193 153
323 1157 445 1193 ‘nunc
481 1153 528 1192 de
549 1152 600 1192 te’
622 1151 752 1204 inquit
781 1140 1061 1205 ‘meliusoiilam
1097 1166 1207 1206 spem
1242 1153 1395 1203 habeo,
1432 1155 1498 1206 qui
1533 1167 1618 1195 rem

182 1210 474 1264 spurcissimam
495 1215 652 1262 gustare
675 1209 861 1249 nolueris'

754 1288 948 1328 XXXVIII
968 1290 1057 1340 (24)

94 1363 149 1398 154
322 1369 395 1409 ego
417 1362 545 1396 autem
567 1356 634 1408 qui
657 1369 782 1396 essem
806 1356 948 1409 plenus
967 1356 1048 1396 vini
1070 1363 1109 1397 et
1129 1357 1283 1397 veneris

741 1435 952 1475 XXXVIIII
974 1436 1061 1487 (25)

94 1511 149 1544 155
323 1504 461 1545 stolam
484 1503 715 1555 calceosque
735 1502 939 1542 muliebris
954 1509 1117 1555 propter
1132 1493 1281 1556 positos
1302 1504 1413 1557 capio

781 1581 921 1621 XXXX
942 1583 1029 1634 (43)
1685 1614 1690 1616 .

94 1649 150 1681 156
322 1641 414 1681 item
450 1640 588 1692 tragici
617 1640 817 1692 prodeunt
837 1651 927 1678 cum
950 1639 1076 1692 capite
1105 1639 1292 1692 gibbero,
1330 1652 1419 1680 cum
1459 1641 1618 1694 antiqua
1687 1637 1721 1677 Ἀ

182 1698 268 1751 lege
290 1698 336 1737 ad
358 1699 530 1738 frontem
551 1697 781 1750 superficies
802 1695 1011 1736 accedebat
1692 1700 1693 1703 ’

782 1775 939 1815 XXXXI
960 1777 1019 1825 (9)

94 1852 149 1885 157
325 1843 428 1896 ‘quia
449 1844 551 1897 plus'
573 1845 703 1897 inquit
724 1848 891 1884 ‘merere
912 1843 1042 1891 debet,
1065 1844 1104 1883 in
1128 1855 1205 1895 quo
1228 1849 1287 1884 est
1306 1843 1440 1884 virtus'

773 1922 949 1962 XXXXII
971 1923 1029 1974 (8)

95 2001 151 2034 158
326 1991 499 2044 primum
521 1991 595 2032 iste
618 1991 685 2043 qui
706 1986 833 2031 meret
852 1991 1055 2031 sestertios
1076 1990 1233 2030 vicenos

744 2069 939 2110 XXXXIII
960 2070 1047 2122 (10)

98 2148 153 2180 159
330 2139 435 2190 quod
457 2146 554 2180 tunc
576 2145 762 2191 quaestus
784 2139 950 2178 tricinus
970 2145 1065 2187 erat,
1089 2151 1197 2179 nunc
1218 2144 1277 2179 est
1296 2137 1396 2178 uber

298 2253 362 2285 149
387 2250 433 2284 Ν.
452 2262 490 2294 p.
504 2252 570 2286 529
595 2255 729 2295 praeter
750 2250 754 2295 Ι
775 2251 862 2291 iens]
889 2260 948 2284 en:
974 2252 1046 2283 nisi
1066 2252 1225 2293 praestat
1247 2248 1326 2282 dum
1351 2259 1393 2283 eo
1414 2249 1420 2292 Ι
1440 2251 1583 2283 matrem
1606 2248 1621 2294 11
1689 2250 1692 2254 ’

183 2298 247 2330 150
272 2295 317 2331 N.
337 2307 376 2339 p.
395 2298 459 2331 119
485 2297 612 2340 gallare
633 2298 638 2340 Ι
660 2306 736 2330 cum
760 2295 840 2330 illos
864 2299 968 2330 vento
990 2294 995 2340 Ι
1016 2294 1176 2339 quideum
1201 2304 1320 2329 essena
1346 2294 1428 2329 hora
1453 2304 1530 2328 nam
1553 2297 1619 2328 auc
1689 2294 1693 2314 ³

183 2341 323 2384 quidum
349 2343 452 2375 libri.-
479 2343 537 2386 qui
562 2341 642 2376 dum
666 2351 813 2376 messem
839 2342 978 2375 hornam
1003 2341 1150 2375 adlatam
1174 2340 1354 2384 imponunt
1369 2339 1495 2374 Attidis
1519 2339 1617 2383 signo

182 2387 433 2420 Laclzmannus
453 2387 458 2431 Ι
480 2388 652 2431 signosiae
670 2392 705 2421 et
722 2386 819 2421 deam
836 2387 1020 2430 gallantes:
1047 2385 1226 2430 synodiam
1239 2384 1492 2419 Lachmannus
1508 2385 1617 2426 dedit,
1686 2390 1688 2395 ·

181 2443 229 2464 an
255 2432 476 2470 cinaedeam?
501 2434 600 2477 signo
625 2433 728 2474 deae,
754 2442 828 2467 eam
854 2432 1021 2476 gallantes
1045 2431 1231 2465 Madvicus
1251 2432 1256 2472 Ι
1277 2431 1471 2465 retinebant
1493 2431 1556 2464 sed
1577 2433 1619 2464 ut
1683 2458 1685 2462 Α

180 2479 220 2510 in
245 2480 375 2519 optimo
404 2479 494 2512 libro
520 2480 592 2522 legi
610 2480 726 2522 possit
750 2480 857 2511 etiam
880 2488 951 2511 rec·
974 2478 987 2522 ΙΙ
1014 2479 1075 2511 151
1103 2477 1147 2512 Ν.
1170 2488 1206 2520 p.
1234 2477 1298 2511 102
1323 2481 1504 2510 excantare
1519 2476 1532 2520 ΙΙ
1553 2477 1617 2511 152
1684 2487 1685 2491 ’

180 2521 226 2556 N.
249 2533 284 2566 p.
310 2524 375 2557 480
401 2528 581 2567 precantur
610 2525 615 2568 Ι
638 2524 717 2558 theo
742 2523 840 2558 hera:
872 2523 947 2567 χρῶ
973 2523 1151 2566 Ηοορενιιε
1175 2522 1187 2566 ΙΙ
1215 2523 1278 2556 153
1303 2521 1349 2556 N.
1371 2533 1406 2566 p.
1431 2523 1499 2557 394
1521 2530 1618 2565 spur-

182 2578 256 2602 cum
277 2567 289 2611 ΙΙ
309 2570 375 2602 154
399 2569 442 2603 Ν.
466 2580 502 2613 p.
518 2571 584 2604 498
609 2569 783 2613 genItivus
801 2569 813 2612 Ι]
833 2571 896 2604 155
921 2568 967 2604 N.
989 2579 1023 2612 p.
1043 2569 1108 2603 253
1133 2577 1254 2612 capere
1274 2567 1280 2611 Ι
1301 2567 1433 2611 positas
1447 2567 1461 2610 ΙΙ
1482 2567 1546 2602 156
1570 2565 1616 2602 Ν.

175 2624 214 2657 p.
240 2613 306 2647 452
332 2614 509 2656 gibberum
530 2615 642 2659 lputo
667 2614 807 2648 accedat
824 2614 836 2659 ΙΙ
858 2616 919 2649 157
945 2613 989 2648 Ν.
1009 2625 1046 2658 p.
1073 2615 1139 2649 344
1163 2616 1270 2648 meret
1294 2613 1307 2658 ΙΙ
1333 2614 1397 2648 158
1422 2611 1467 2646 Ν.
1487 2623 1526 2656 p.
1551 2613 1616 2646 345
1684 2657 1688 2667 μ’

181 2662 287 2693 meret
305 2658 317 2702 ss
338 2661 400 2694 159
426 2659 470 2693 Ν.
491 2671 528 2703 p.
556 2662 619 2696 181
648 2661 803 2695 tricInum
