1728 2886
246 138 325 176 116
566 122 568 125 ’
854 138 1056 175 ΡΕΤΒΟΝΠ

873 253 1044 294 XXXII*

395 321 607 373 naufragus
627 321 749 361 eiecta
772 321 902 362 nudus
923 329 1008 363 rate
1029 324 1181 376 quaerit
1199 326 1336 366 eodem

449 389 680 429 percussum
701 378 792 427 telo,
815 379 883 430 qui
903 391 973 420 sua
993 381 1070 420 fata
1091 381 1203 434 legat.

392 434 582 487 grandine
605 435 671 487 qui
692 441 845 487 segetes
866 441 911 475 et¹
923 443 1049 477 totum
1071 439 1239 490 perdidit
1261 452 1423 488 annum,

447 491 487 531 in
510 491 624 532 simili
645 492 762 532 deflet
781 493 906 533 tristia
928 494 1004 534 fata
1030 494 1132 534 sinu.

312 554 332 586 5
390 549 529 588 funera
549 548 762 589 conciliant
782 550 958 599 miseros,
980 551 1146 603 orbique
1165 559 1350 604 parentes

450 605 700 658 coniungunt
720 606 899 659 gemitus,
917 614 960 647 -et
981 608 1073 648 facit
1093 609 1187 648 hora
1209 621 1335 661 pares.

394 675 467 702 nos
489 675 646 714 quoque
666 663 844 703 confusis
865 664 1051 705 feriemus
1072 665 1198 705 sidera
1218 667 1359 715 verbis,

450 725 488 758 et
507 719 608 759 fama
630 725 689 759 est
708 720 833 760 socias
854 720 994 761 fortius
1014 721 1071 761 ire
1092 734 1230 774 preces

366 786 385 818 2
411 785 464 819 cui
482 785 494 829 ΙΙ
513 787 532 819 6
557 796 639 819 urna
664 785 826 819 Reislcius
841 785 854 830 ΙΙ
873 788 893 821 8
918 790 971 821 est
996 790 1167 832 constans,
1191 790 1285 822 unde
1308 789 1440 825 iunctas
1463 789 1612 824 Binetus

868 877 1057 926 XXXIII*

396 956 512 984 aurea
533 944 633 985 mala
653 945 761 994 mihi,
783 945 908 986 dulcis
927 958 1014 986 mea
1033 947 1187 996 Marcia,
1209 949 1342 999 mittis,

451 1001 571 1042 mittis
591 1007 630 1041 et
649 1001 821 1042 hirsutae
842 1015 1006 1043 munera
1029 1010 1244 1045 castaneae.

396 1058 529 1098 omnia
549 1063 656 1110 grata
677 1065 826 1111 putem,
848 1060 914 1099 sed
937 1060 968 1100 si
990 1061 1112 1113 magis
1132 1061 1215 1114 ipsa
1234 1061 1400 1112 venires,

452 1127 615 1155 ornares
636 1114 798 1165 donum,
818 1116 1145 1170 pulchrapuella,
1166 1125 1290 1159 tuum.

318 1178 338 1210 5
394 1177 437 1211 tu
457 1171 548 1212 licet
568 1178 754 1225 apportes
773 1173 1007 1225 stringentia
1027 1175 1128 1214 mala
1147 1175 1331 1228 palatum,

450 1228 575 1269 tristia
594 1229 796 1269 mandenti
818 1236 877 1270 est
896 1230 1059 1271 melleus
1079 1244 1146 1271 ore
1167 1244 1297 1285 sapor.

397 1291 436 1324 at
456 1285 487 1326 si
508 1285 728 1326 dissimulas
750 1287 915 1326 multum
936 1287 1030 1327 mihi
1052 1300 1140 1328 cara
1161 1290 1308 1340 venire,

454 1342 585 1383 oscula
608 1355 696 1383 cum
719 1343 848 1396 pomis
868 1344 999 1384 mitte:
1022 1345 1165 1385 vorabo
1186 1346 1328 1387 lubens

369 1409 388 1443 8
414 1418 452 1442 os
477 1408 568 1452 quali
594 1410 797 1453 compremis
820 1410 942 1443 Bineti
965 1411 1088 1452 codex,
1113 1422 1221 1456 osque
1245 1413 1331 1447 ledis
1355 1422 1470 1448 morsu
1496 1415 1606 1447 ceteri
1674 1430 1677 1437 ·

866 1512 1044 1553 XXXIIII
1055 1513 1076 1534 *

399 1579 431 1619 si
451 1579 600 1620 Phoebi
622 1592 735 1620 soror
757 1593 819 1629 es,
833 1580 977 1620 mando
999 1581 1082 1632 tibi,
1105 1581 1224 1631 Delia,
1247 1595 1416 1632 causam,

456 1636 604 1677 scilicet
623 1643 667 1677 ut
686 1637 809 1686 fratri,
832 1649 931 1689 quae
951 1644 1056 1690 peto,
1077 1639 1193 1679 verba
1214 1614 1335 1681 ieras:

402 1696 611 1734 ‘marmore
632 1693 790 1734 Sicanio
813 1695 938 1735 struxi
958 1694 1042 1745 tibi,
1063 1695 1263 1749 Delphice,
1284 1698 1473 1751 templum

461 1755 499 1789 et
519 1750 670 1791 levibus
692 1751 848 1792 calamis
869 1752 1032 1791 candida
1052 1753 1170 1793 verba
1192 1754 1292 1794 dedi.

324 1812 344 1845 5
404 1819 512 1846 nunc
534 1808 565 1848 si
588 1821 660 1848 nos
681 1807 791 1848 audis
811 1814 927 1860 atque
950 1820 991 1848 es
1011 1809 1177 1859 divinus,
1198 1810 1351 1862 Apollo,

458 1864 518 1903 dic
539 1864 647 1914 mihi,
671 1865 738 1916 qui
762 1877 944 1905 nummos
965 1878 1046 1905 non
1069 1867 1198 1916 habet,
1221 1867 1326 1908 unde
1346 1867 1466 1921 petat’

373 1930 392 1963 2
418 1928 572 1970 fortasse
596 1930 624 1964 si
649 1931 730 1964 licet

893 1998 1060 2040 XXXV*

405 2067 537 2107 omnia
559 2079 660 2119 quae
680 2068 842 2108 miseras
862 2075 1028 2120 possunt
1047 2069 1163 2109 finire
1185 2070 1390 2122 querellas,

460 2124 501 2163 in
524 2130 712 2177 promptu
732 2125 853 2164 voluit
873 2124 1062 2165 candidus
1082 2138 1166 2166 esse
1188 2126 1296 2167 deus

403 2180 478 2220 vile
499 2181 613 2221 holus
633 2187 673 2221 et
691 2181 800 2222 duris
820 2181 1020 2222 haerentia
1041 2194 1150 2222 mora
1170 2183 1320 2224 rubetis

460 2238 676 2290 pungentis
696 2237 887 2279 stomachi
907 2250 1166 2302 composuere
1187 2241 1340 2281 famem.

325 2301 345 2333 5
404 2293 566 2334 flumine
585 2293 715 2335 vicino
737 2295 879 2335 stultus
899 2294 992 2344 sitit,
1015 2296 1151 2349 effugit
1171 2310 1267 2337 euro

463 2363 551 2391 cum
574 2351 721 2392 calidus
740 2351 874 2404 tepido
896 2360 1088 2392 consonat
1107 2353 1199 2404 igne
1218 2354 1361 2394 tholus.

408 2407 470 2447 lex
490 2413 635 2448 armata
656 2409 765 2449 sedet
785 2409 932 2449 circum
955 2409 1036 2448 fera
1055 2409 1190 2450 limina
1212 2417 1371 2463 nuptae,

463 2464 522 2504 nil
541 2465 681 2505 metuit
700 2465 806 2506 licito
828 2466 912 2506 fusa
930 2465 1060 2518 puella
1080 2473 1181 2507 toro.

407 2518 511 2571 quod
532 2522 672 2562 satiare
692 2527 833 2576 potest,
854 2522 960 2563 dives
979 2528 1116 2563 natura
1132 2523 1349 2565 ministrat:

317 2581 355 2615 10
469 2579 572 2628 quod
595 2578 711 2619 docet
729 2579 896 2620 infrenis
915 2579 1051 2631 gloria,
1071 2580 1150 2620 fine
1171 2587 1277 2621 caret

378 2643 400 2675 4
424 2644 608 2686 pugnantis
625 2644 638 2688 Η
656 2647 675 2679 6
700 2645 778 2689 igne
802 2654 905 2689 rogus
923 2645 935 2689 ΙΙ
956 2647 996 2679 10
1019 2646 1160 2680 inferius
