1780 2892
295 188 348 227 22
894 182 1094 218 PETRONII

294 302 460 356 experiri
480 301 595 349 volui,
617 312 665 339 an
688 305 767 339 tota
786 298 929 338 familia
949 302 1136 344 cantaret,
1161 297 1290 347 itaque
1311 295 1511 347 potionem
1532 295 1780 347 poposci.HL

292 359 558 412 paratissimus
587 368 685 408 puer
707 368 785 395 non
809 355 938 394 minus
959 366 1020 393 me
1042 353 1151 392 acido
1173 352 1326 392 cantico
1348 351 1520 403 excepit,
1543 357 1582 391 et
1601 352 1708 403 quis·

293 417 379 468 quis
400 414 543 465 aliquid
565 418 722 464 rogatus
743 416 824 451 erat
845 417 888 450 ut
907 410 1017 449 daret
1286 407 1517 460 pantomimi
1537 407 1713 456 chorum,

293 485 372 512 non
404 470 525 522 patris
554 468 718 508 familiae
747 467 959 507 triclinium
982 466 1175 506 crederes.
1216 464 1328 504 allata
1351 470 1409 504 est
1429 470 1559 504 tamen
1580 470 1712 516 gusta-

290 529 344 568 tio
384 527 491 566 valde
531 526 654 573 lauta;
693 537 781 564 nam
819 524 894 563 iam
935 535 1072 562 omnes
1101 521 1379 562 discubuerant
1408 526 1565 573 praeter
1584 521 1714 573 ipsum
1742 528 1761 560 5

291 583 639 630 Trimalchionem,
671 581 733 620 cui
763 582 871 620 locus
902 592 1003 619 novo
1025 591 1134 618 more
1156 578 1307 630 primus
1327 577 1565 618 servabatur.
1607 582 1712 618 cete-

290 652 377 680 rum
419 640 524 679 inter
557 637 851 691 promulsidaria
882 636 1026 676 asellus
1053 640 1135 674 erat
1166 634 1391 674 Corinthius
1422 646 1512 675 cum
1541 633 1712 675 bisaccio

290 697 454 748 positus,
477 696 543 747 qui
565 693 731 734 habebat
752 694 868 733 olivas
889 693 927 732 in
951 693 1071 732 altera
1091 696 1203 743 parte
1223 690 1340 739 albas,
1363 691 1403 730 in
1425 691 1544 730 altera
1566 690 1711 743 nigras.

289 752 474 805 tegebant
511 751 671 791 asellum
702 751 798 790 duae
835 750 985 795 lances,
1025 749 1066 788 in
1098 759 1262 799 quarum
1293 747 1537 799 marginibus
1565 759 1711 788 nomen

289 808 587 848 Trimalchionis
618 807 848 858 inscriptum
880 811 962 845 erat
991 810 1030 844 et
1059 804 1212 856 argenti
1233 804 1402 856 pondus.
1442 803 1634 856 ponticuli
1655 810 1713 844 et·
1743 808 1780 843 10

289 865 364 904 iam
404 863 648 904 ferruminati
681 862 928 902 sustinebant
958 862 1075 914 glires
1104 861 1219 900 melle
1249 872 1292 900 ac
1323 873 1515 912 papavere
1544 873 1712 913 sparsos.

287 922 449 960 fuerunt
492 926 530 959 et
577 919 771 959 tomacula
815 931 933 971 super
983 918 1208 958 craticulam
1255 923 1480 969 argenteam
1523 917 1712 958 ferventia

286 978 431 1029 posita,
473 982 511 1016 et
547 977 648 1016 infra
688 975 911 1016 craticulam
942 975 1098 1028 Syriaca
1133 986 1262 1026 pruna
1292 986 1380 1014 cum
1410 973 1543 1026 granis
1572 973 1711 1014 Punici

288 1034 388 1073 mali.
1399 1053 1402 1058 ·

219 1091 272 1132 32
399 1090 438 1130 in
461 1090 520 1130 his
541 1102 694 1129 eramus
714 1088 885 1137 lautitiis,
903 1100 992 1128 cum
1013 1087 1096 1139 ipse
1118 1086 1350 1126 Trimalchio
1372 1086 1419 1126 ad
1440 1086 1711 1140 symphoniam
1741 1090 1778 1125 15

286 1146 423 1186 allatus
453 1152 511 1186 est
540 1146 770 1198 positusque
800 1145 903 1184 inter
924 1144 1125 1184 cervicalia
1146 1143 1402 1183 munitissima
1425 1143 1618 1196 expressit
1637 1143 1710 1184 im-

283 1203 543 1255 prudentibus
583 1203 717 1242 risum.
757 1201 874 1253 pallio
917 1201 1020 1241 enim
1062 1200 1246 1240 coccineo
1283 1200 1461 1241 adrasum
1492 1199 1711 1240 excluserat

285 1265 402 1311 caput
441 1259 622 1310 circaque
663 1263 842 1298 oneratas
879 1263 984 1297 veste
1021 1257 1194 1297 cervices
1231 1256 1458 1296 laticlaviam
1497 1257 1709 1296 immiserat

283 1328 463 1368 mappam
495 1315 658 1355 fimbriis
687 1315 780 1354 hinc
811 1320 926 1366 atque
957 1314 1064 1353 illinc
1085 1313 1362 1366 pendentibus.
1402 1312 1570 1353 habebat
1589 1313 1704 1354 etiam

282 1371 322 1411 in
355 1372 519 1411 minimo
545 1371 664 1423 digito
686 1371 866 1410 sinistrae
888 1383 1027 1410 manus
1049 1370 1208 1410 anulum
1230 1370 1418 1421 grandem
1438 1369 1706 1419 subauratum,
1735 1372 1774 1406 20

284 1434 457 1467 extremo
488 1441 578 1468 vero
609 1428 771 1468 articulo
803 1427 912 1479 digiti
942 1427 1142 1478 sequentis
1172 1427 1383 1475 minorem,
1415 1431 1458 1466 ut
1485 1426 1706 1466 mihivide-

281 1484 418 1533 batur,
450 1490 576 1524 totum
605 1496 784 1532 aureum,
816 1485 882 1524 sed
914 1484 1031 1535 plane
1063 1483 1201 1523 ferreis
1230 1483 1348 1523 veluti
1378 1482 1499 1524 stellis
1524 1482 1706 1523 ferrumi-

283 1546 431 1580 natum.
473 1547 511 1580 et
541 1553 591 1581 ne
612 1541 681 1580 has
710 1546 863 1580 tantum
895 1541 1120 1580 ostenderet
1149 1540 1318 1587 divitias,
1349 1539 1528 1580 dextrum
1549 1539 1707 1580 nudavit

282 1597 471 1637 lacertum
500 1597 648 1637 armilla
679 1609 795 1637 aurea
827 1597 975 1636 cultum
1005 1602 1043 1636 et
1073 1597 1217 1636 eboreo
1239 1596 1386 1636 circulo
1407 1596 1550 1636 lamina
1570 1595 1705 1648 splen·

218 1655 268 1696 33
284 1653 400 1693 dente
422 1666 586 1694 conexo.
627 1659 672 1693 ut
691 1653 832 1693 deinde
853 1654 974 1705 pinna
996 1658 1179 1705 argentea
1201 1653 1338 1693 dentes
1356 1652 1546 1704 perfodit,
1567 1651 1705 1694 ‘amici’
1734 1652 1772 1686 25

282 1710 410 1761 inquit
432 1711 621 1750 ‘nondum
642 1710 736 1749 mihi
757 1722 871 1750 suave
893 1715 974 1749 erat
994 1710 1035 1749 in
1057 1709 1270 1749 triclinium
1291 1710 1438 1758 venire,
1457 1709 1526 1750 sed
1546 1721 1598 1749 ne
1618 1708 1704 1749 diu-
1748 1720 1771 1750 '.‘

282 1766 359 1806 tius
395 1766 615 1806 absentivos
655 1778 785 1806 morae
822 1766 932 1806 vobis
971 1778 1117 1814 essem,
1153 1778 1311 1805 omnem
1342 1765 1580 1818 voluptatem
1610 1765 1705 1807 mihi

283 1823 431 1874 negavi.
471 1823 704 1874 permittetis
733 1829 863 1862 tamen
895 1822 998 1861 finiri
1028 1822 1181 1862 lusum.‘
1222 1822 1461 1873 sequebatur
1488 1834 1588 1874 puer
1613 1828 1704 1874 cum

281 1878 412 1918 tabula
443 1879 706 1918 terebinthina
739 1885 776 1918 et
806 1878 1036 1931 crystallinis
1066 1878 1234 1926 tesseris,
1268 1879 1476 1930 notavique
1507 1890 1592 1918 rem
1617 1891 1703 1919 om-

282 1935 391 1974 nium
423 1935 743 1975 delicatissimam.
783 1947 856 1987 pro
887 1934 1044 1974 calculis
1074 1935 1180 1974 enim
1211 1934 1307 1974 albis
1337 1947 1380 1974 ac
1412 1935 1534 1986 nigris
1563 1947 1703 1976 aureos
1731 1946 1780 1980 30¹2

282 1997 568 2043 argenteosque
597 1991 765 2031 habebat
794 1991 986 2031 denarios.
1026 1991 1184 2030 interim
1215 1991 1306 2030 dum
1337 1991 1400 2031 ille
1422 1991 1596 2032 omnium
1618 1996 1702 2032 tex-

281 2053 410 2087 torum
442 2049 543 2087 dicta
570 2048 673 2087 inter
693 2048 822 2087 lusum
842 2047 1060 2095 consumit,
1090 2047 1336 2098 gustantibus
1356 2047 1482 2088 adhuc
1504 2048 1619 2089 nobis
1638 2061 1702 2089 re·

281 2105 513 2156 positorium
537 2104 694 2144 allatum
715 2110 773 2144 est
793 2117 882 2143 cum
903 2104 1035 2152 corbe,
1057 2103 1097 2143 in
1120 2116 1197 2155 quo
1219 2104 1361 2155 gallina
1383 2110 1465 2144 erat
1484 2104 1612 2156 lignea
1631 2111 1702 2158 'p'a-

280 2161 455 2201 tentibus
485 2162 525 2200 in
557 2161 692 2200 orbem
722 2160 811 2208 alis,
843 2161 975 2212 quales
1005 2173 1090 2200 esse
1120 2161 1248 2200 solent
1277 2173 1376 2212 quae
1406 2161 1597 2201 incubant
1617 2173 1700 2201 ova.
1778 2193 1780 2196 .

281 2229 483 2258 accessere
503 2217 693 2257 continuo
712 2217 788 2256 duo
810 2217 909 2257 servi
932 2222 969 2256 et
989 2217 1219 2269 symphonia
1236 2223 1435 2269 strepente
1451 2218 1617 2258 scrutari
1631 2230 1701 2270 pa·-
1730 2229 1780 2266 355

281 2274 379 2313 leam
402 2279 620 2326 coeperunt
641 2279 828 2325 erutaque
849 2273 1016 2313 subinde
1037 2274 1230 2325 pavonina
1252 2286 1320 2313 ova
1337 2274 1498 2314 divisere
1514 2274 1700 2314 convivis.
1773 2270 1780 2278 ”

281 2331 471 2370 convertit
500 2331 546 2370 ad
576 2331 677 2369 hanc
699 2342 878 2370 scaenam
899 2329 1133 2369 Trimalchio
1157 2330 1305 2369 vultum
1328 2336 1366 2370 et
1386 2330 1525 2370 ‘amici’
1546 2331 1597 2371 ait
1618 2334 1699 2383 ‘pa-
1744 2365 1745 2368 ,
1763 2327 1780 2368 z}

279 2387 390 2427 vonis
421 2399 489 2426 ova
520 2387 684 2438 gallinae
715 2386 809 2426 iussi
839 2386 1022 2438 supponi.
1063 2392 1100 2425 et
1129 2387 1373 2427 mehercules
1401 2387 1520 2428 timeo
1551 2400 1601 2428 ne
1621 2388 1699 2428 iam

370 2499 391 2530 4
415 2500 484 2530 tum
510 2497 538 2529 L
557 2495 569 2541 ΙΙ
608 2499 627 2530 5
653 2500 783 2540 praeter
817 2507 920 2531 unum
946 2497 1041 2541 H117
1076 2498 1109 2530 in
1135 2497 1368 2541 promulsidari
1386 2498 1398 2542 ΙΙ
1419 2500 1459 2533 12
1485 2507 1585 2541 supra
1607 2497 1612 2543 Ι
1633 2498 1697 2532 fer·
1763 2538 1766 2540 v

279 2542 393 2575 ventia
421 2545 613 2585 argenteam
631 2542 643 2586 ΙΙ
665 2544 702 2576 13
728 2545 761 2575 et
786 2552 850 2576 om.
869 2543 898 2575 L
915 2542 926 2586 ΙΙ
947 2544 987 2577 16
1005 2542 1225 2576 minutissima
1251 2543 1281 2576 L
1298 2541 1309 2587 ΙΙ
1329 2546 1367 2578 17
1386 2543 1637 2587 incluserath
1654 2545 1696 2578 25

280 2597 467 2620 connexum
492 2588 504 2631 ΙΙ
528 2589 568 2621 27
595 2597 707 2620 morae
731 2587 829 2621 vobis
856 2598 945 2630 quae
968 2588 1003 2620 H
1019 2588 1224 2630 glossematz‘
1248 2590 1330 2622 huic
1363 2589 1486 2624 absens
1508 2590 1696 2622 subiuncta
1756 2602 1772 2629 :'

279 2634 359 2665 ante
383 2632 498 2665 venire
523 2634 726 2673 inculcavit,
752 2632 859 2666 om.L
880 2635 884 2675 Ι
906 2643 1039 2666 omnem
1064 2643 1130 2668 om.
1149 2634 1181 2666 H
1203 2633 1214 2677 ΙΙ
1239 2635 1280 2667 30
1306 2637 1362 2668 aut
1377 2634 1403 2667 L
1428 2633 1441 2678 ΙΙ
1465 2636 1505 2670 31
1532 2636 1697 2670 testarum

279 2677 308 2710 L
331 2678 370 2710 in
396 2688 463 2720 quo
489 2677 575 2711 dicta
601 2678 785 2711 intercidit
806 2676 819 2720 ΙΙ
842 2679 883 2712 33
911 2688 976 2722 qua
1002 2678 1031 2711 L
