1774 2912
869 769 890 791 ίε

105 836 165 870 Lo
283 828 390 865 ‘num
420 825 494 866 alio
516 838 662 877 genere
692 827 880 866 furiarum
902 826 1181 866 declamatores
1211 826 1492 878 inquietantur,
1525 828 1591 879 qui
1634 831 1653 870 1

170 882 354 922 clamant:
372 882 494 922 “haec
509 882 668 921 vulnera
683 895 755 935 pro
772 882 949 922 libertate
964 882 1119 934 publica
1136 884 1290 935 excepi3
1313 883 1418 923 hunc
1433 883 1591 923 oculum

168 950 242 991 pro
272 938 379 978 vobis
408 938 601 991 impendi:
632 939 719 978 date
748 939 842 978 mihi
873 939 1024 987 ducem,
1055 939 1122 990 qni
1143 951 1205 978 me
1227 940 1342 979 ducat
1370 940 1417 979 ad
1446 940 1591 981 liberos

168 1005 296 1042 meos,
332 1006 422 1034 nam
453 994 594 1035 succisi
615 995 783 1047 poplites
802 995 978 1034 membra
999 1007 1080 1034 non
1103 994 1352 1035 sustinent’'?
1381 996 1478 1036 haec
1508 997 1590 1048 ipsa

121 1058 141 1091 5
168 1050 381 1091 tolerabilia
402 1058 544 1099 essent,
576 1051 608 1091 si
629 1051 675 1090 ad
696 1051 960 1103 eloquentiam
991 1051 1104 1091 ituris
1124 1051 1223 1091 viam
1253 1053 1440 1092 facerent.
1482 1064 1590 1092 nuuc

170 1114 208 1147 et
227 1118 358 1147 rerum
381 1114 531 1147 tumore
553 1113 591 1147 et
610 1108 892 1147 sententiarum
913 1107 1122 1148 vanissimo
1143 1109 1308 1160 strepitu
1341 1109 1415 1148 hoc
1435 1115 1589 1148 tantum

169 1164 394 1216 proficiunt,
415 1171 458 1203 ut
478 1167 566 1203 cum
586 1162 627 1203 in
649 1162 990 1213 forum'venerint,
1011 1170 1153 1216 putent
1181 1176 1222 1204 se
1252 1165 1292 1204 in
1314 1164 1431 1205 alium
1452 1164 1589 1205 orbem

169 1226 358 1260 terrarum
387 1220 546 1260 delatos.
587 1226 625 1259 et
652 1220 739 1260 ideo
761 1232 833 1272 ego
854 1220 1167 1274 adulescentulos
1188 1221 1364 1261 existimo
1386 1221 1424 1260 in
1447 1222 1590 1262 scholis

168 1276 412 1324 stultissimos
432 1277 536 1325 fieri,
567 1277 656 1328 quia
678 1277 774 1329 niiJil
794 1289 840 1316 ex
868 1277 948 1326 his,
979 1288 1078 1328 quae
1108 1277 1148 1316 in
1179 1289 1253 1318 usu
1284 1277 1492 1325 habemus,
1524 1285 1590 1318 aut

102 1338 140 1373 10
166 1332 328 1372 audiunt
357 1339 422 1372 aut
450 1333 602 1381 vident,
642 1333 710 1373 sed
745 1330 888 1385 piratas
918 1345 1006 1373 cum
1038 1333 1185 1373 catenis
1214 1334 1255 1373 in
1285 1333 1399 1373 litore
1430 1341 1586 1382 stantes,

167 1388 233 1429 sed
254 1395 443 1441 tyrannos
462 1389 584 1428 edicta
606 1389 823 1430 scribentes
836 1420 845 1437 ,
859 1436 862 1437 ⁷
877 1388 1020 1441 quibus
1048 1390 1244 1442 imperent
1264 1390 1351 1430 filiis
1371 1397 1415 1431 ut
1433 1397 1588 1442 patrum

166 1457 326 1486 suorum
348 1446 473 1496 capita
494 1445 743 1497 praecidant,
774 1447 842 1486 sed
864 1458 1051 1498 responsa
1073 1446 1112 1485 in
1135 1446 1394 1498 pestilentiam
1416 1447 1524 1492 data,
1545 1452 1586 1486 ut

166 1501 335 1554 virgines
354 1508 434 1541 tres
454 1508 521 1541 aut
540 1502 674 1553 plures
695 1502 961 1550 immolentur,
981 1503 1048 1542 sed
1071 1502 1240 1542 mellitos
1269 1502 1482 1543 verborum
1503 1503 1587 1554 glo-

164 1557 278 1598 bulos
298 1564 336 1597 et
365 1558 494 1597 omnia
525 1558 625 1598 dicta
655 1559 831 1610 factaque
862 1559 970 1611 quasi
999 1570 1190 1611 papavere
1211 1564 1249 1598 et
1269 1571 1419 1599 sesamo
1440 1571 1585 1611 sparsa.

98 1619 136 1655 15
164 1614 231 1666 qui
260 1614 362 1654 inter
389 1615 484 1653 haec
520 1615 769 1662 nutriuntur,
806 1627 886 1654 non
923 1615 1045 1666 magis
1079 1627 1216 1667 sapere
1250 1622 1436 1667 possunt,
1473 1627 1588 1667 quam

165 1670 265 1710 bene
296 1670 418 1718 olere,
451 1670 516 1722 qui
547 1671 587 1710 in
619 1671 747 1710 culina
777 1670 964 1710 habitant.
1014 1683 1109 1723 pace
1135 1677 1261 1711 vestra
1290 1672 1404 1711 liceat
1433 1672 1586 1721 dixisse,

164 1727 279 1778 primi
300 1727 474 1767 omniurn
496 1726 759 1778 eloquentiam
779 1727 1011 1779 perdidistis.
1052 1726 1201 1768 levibus
1232 1727 1337 1767 enim
1365 1733 1480 1779 atque
1501 1728 1586 1768 ina-

165 1783 280 1823 nibus
309 1783 415 1823 sonis
453 1782 619 1822 ludibria
650 1783 838 1835 quaedam
877 1783 1080 1823 excitando
1119 1783 1320 1830 effecistis,
1361 1790 1405 1823 ut
1443 1796 1586 1836 corpus

165 1840 351 1879 orationis
372 1846 624 1879 enervaretur
643 1847 682 1879 et
701 1840 866 1879 caderet.
917 1839 1094 1879 nondum
1115 1839 1275 1880 iuvenes
1295 1839 1585 1880 declamationi-

97 1901 136 1936 2⁰
163 1895 237 1936 bus
271 1895 594 1944 continebantur,
628 1908 718 1935 cum
756 1896 970 1948 Sophocles
1005 1902 1072 1935 aut
1107 1895 1314 1948 Euripides
1351 1897 1587 1937 invenerunt

164 1951 277 1992 verba
299 1952 440 2004 quibus
460 1951 649 1992 deberent
669 1952 789 2005 loqui.
830 1953 1006 1992 nondum
1035 1952 1276 1992 umbraticus
1306 1952 1445 1992 doctor
1473 1953 1585 2005 inge-

165 2008 228 2048 nia
249 2008 452 2055 deleverat,
473 2020 562 2048 cum
583 2008 774 2048 Pindarus
796 2021 1014 2060 novemque
1042 2009 1152 2061 lyrici
1173 2009 1391 2049 Homericis
1411 2009 1586 2050 versibus

163 2076 304 2105 canere
324 2065 551 2104 timuerunt.
592 2072 631 2105 et
652 2077 701 2104 ne
722 2071 857 2118 poetas
878 2065 1064 2117 [quidem]
1093 2065 1139 2104 ad
1168 2065 1435 2105 testimonium
1456 2066 1583 2114 citem‚

161 2127 267 2161 certe
297 2133 424 2173 neque
454 2121 615 2161 Platona
652 2133 780 2174 neque
807 2121 1095 2162 Demosthenen
1126 2122 1172 2161 ad
1193 2122 1269 2161 hoc
1290 2134 1415 2174 genus
1436 2123 1585 2162 exerci-

272 2232 454 2265 Adnotavz·
477 2232 636 2265 codicum
660 2232 935 2275 discrepantiam
958 2235 1154 2266 memor-atu
1190 2233 1445 2274 dignissimam.
1499 2234 1585 2265 scri-

157 2278 277 2319 pturis
300 2287 388 2320 quae
411 2280 450 2310 in
474 2279 668 2321 archetypo
684 2276 795 2318 fuisse
809 2278 990 2320 putandae
1005 2281 1089 2310 sunt
1105 2280 1169 2310 aut
1185 2279 1311 2319 quibus
1325 2288 1397 2310 non
1422 2279 1583 2310 novimus

161 2324 378 2364 vetustiores,
403 2322 510 2355 aliam
534 2326 656 2356 notam
679 2322 815 2356 nullam
839 2323 998 2366 adposui.
1034 2325 1073 2355 in
1097 2325 1146 2355 eis
1164 2322 1357 2365 particulis
1381 2333 1469 2365 quas
1497 2322 1525 2355 L
1550 2325 1583 2355 et

164 2365 191 2399 0
215 2377 411 2399 communes
434 2368 577 2409 habent,
610 2378 688 2401 cum
712 2367 874 2410 Scaliger
906 2369 1082 2410 ceterique
1108 2378 1222 2410 genus
1251 2368 1423 2400 librorum
1446 2371 1582 2400 utrum-

162 2421 228 2454 que
252 2412 492 2454 adhibuerint,
514 2423 617 2456 saepe
641 2415 705 2446 via:
729 2413 879 2453 definias
902 2414 940 2445 in
958 2413 987 2445 L
1005 2413 1092 2455 quid
1108 2413 1281 2446 traditum
1298 2411 1411 2452 fuerit
1427 2415 1582 2455 antiqui-

162 2458 229 2492 tue.
275 2456 456 2490 inclinatis
482 2457 608 2490 titteris
631 2468 721 2501 quae
745 2459 929 2500 leguntur,
960 2458 1086 2490 desunt
1114 2460 1152 2490 in
1183 2458 1371 2491 codicibus.
1418 2459 1582 2491 asterisci

161 2501 308 2535 lacunas
331 2502 494 2535 indicant
517 2502 636 2546 aliqua
663 2502 835 2536 librorum
859 2504 1075 2536 auctoritate
1100 2505 1253 2535 testatas.

276 2548 315 2582 11
342 2545 414 2591 sed]
440 2551 473 2580 et
491 2546 504 2590 {l
524 2550 564 2582 15
589 2548 672 2581 haec
697 2551 825 2581 tantum
859 2548 1050 2581 nutriuntur
1081 2550 1247 2590 excerpta
1273 2548 1403 2581 codicis
1427 2548 1583 2581 Par-irini

162 2589 224 2624 lat.
257 2591 372 2634 764711
393 2594 431 2626 17
458 2602 590 2626 omnem
616 2593 728 2626 codem
752 2593 944 2626 Ber-nensis
960 2592 972 2636 ΙΙ
991 2594 1032 2626 20
1058 2596 1159 2636 atque
1185 2593 1347 2626 Heinsius
1365 2593 1377 2637 ΙΙ
1395 2594 1436 2627 22
1462 2593 1583 2627 debili-

164 2639 295 2670 taverat
320 2636 472 2670 Haustus
486 2636 499 2679 ΙΙ
519 2638 560 2671 23
587 2637 695 2671 solum
716 2648 785 2680 pro
811 2637 946 2682 quidem
972 2637 1176 2681 Sambucm,
1199 2641 1328 2672 tantum
1353 2638 1446 2672 alius
