1728 2886
252 129 305 167 46
869 128 1069 164 PETRONll

252 245 440 285 miscebat
469 246 705 286 Atellanicos
735 258 890 294 versus,
930 250 972 285 ut
1008 250 1105 285 tunc
1143 244 1314 297 primum
1352 256 1416 284 me
1445 245 1559 284 etiam
1589 244 1643 285 Ve
1664 259 1691 294 -ῆζ

251 302 366 354 gilius
387 302 607 342 offenderit.
647 302 828 355 plausum
850 308 1002 349 tamen,
1023 314 1113 341 cum
1135 301 1343 353 aliquando
1365 301 1549 350 desisset,
1580 302 1656 342 adi

252 359 305 398 cit
325 359 527 399 Habinnas
557 366 596 399 et
626 359 858 411 ‘nunquam'
889 359 1020 410 inquit
1049 359 1208 406 ‘didicit‚
1240 358 1306 398 sed
1337 370 1411 409 ego
1441 358 1487 398 ad
1519 357 1688 402 circula'

251 421 358 455 tores
387 428 476 455 eum
513 416 703 456 mittendo
735 415 948 456 erudibam.
990 415 1120 467 itaque
1150 427 1285 467 parem
1327 427 1407 454 non
1439 414 1576 463 habet,

250 472 446 512 muliones
457 473 647 512 voletsive
664 473 917 513 circulatores
937 472 1089 512 imitari.
1121 472 1369 524 desperatum
1379 471 1488 511 valde
1504 471 1666 523 ingenio
1688 488 1694 526 ζ

249 541 316 569 8118
346 535 425 569 est:
456 529 557 570 idem
580 536 690 570 sutor
710 536 781 578 est,
802 530 904 570 idem
927 541 1066 576 cocus,
1096 529 1197 568 idem
1220 529 1363 581 pistor,
1395 528 1525 568 omnis
1553 541 1654 571 mus

251 586 502 638 mancipium.
540 587 617 626 duo
634 593 764 627 tamen
775 587 866 627 vitia
881 586 1010 634 habet,
1028 598 1127 637 quae
1143 585 1174 626 si
1193 598 1272 625 non
1291 584 1466 634 haberet,
1483 591 1586 625 esset
1601 583 1695 627 om

251 643 361 683 nium
383 656 612 683 numerum:
635 644 823 684 recutitus
845 650 900 683 est
924 649 962 682 et
982 642 1121 682 stertit.
1153 654 1244 681 nam
1261 641 1367 694 quod
1382 641 1594 682 strabonus
1614 645 1680 684 e's

251 712 332 739 non
354 712 471 749 curo;
494 701 596 740 sicut
611 700 743 740 Venus
759 705 919 752 spectat.
951 699 1038 739 ideo
1061 699 1159 738 nihil
1178 704 1293 747 tacet,
1309 699 1372 738 vix
1393 699 1507 739 oculo
1528 705 1674 740 mortu
1683 737 1684 740 ,

184 756 237 796 69
254 769 440 808 unquam.
482 758 589 796 illum
622 757 697 796 emi
717 757 905 796 trecentis
936 755 1131 795 denariis'.
1171 756 1433 808 interpellavit
1458 755 1681 813 loquenten·

252 813 426 853 Scintilla
443 819 481 853 et
497 813 638 865 ‘'plane
654 813 808 865 inquit‘
813 826 892 853 non
911 812 1041 853 omnia
1057 812 1218 852 artificia
1235 813 1335 852 servi
1350 823 1520 865 nequam
1537 824 1672 853 narra:
1685 844 1686 847 η

251 882 368 922 agaga
391 875 466 920 est3
489 877 527 910 at
547 870 707 918 curabo,
729 871 908 922 stigmam
926 869 1090 909 habeat'.
1121 869 1207 909 risit
1219 869 1455 909 Trimalchio
1472 874 1509 909 31
1527 869 1683 922 ‘adcog

252 927 386 967 nosco'
408 927 537 978 inquit
558 927 861 979 ‘Cappadocemt
895 927 993 966 nihil
1022 925 1095 966 sibi
1126 926 1331 974 defraudit‚
1371 932 1411 966 et
1440 926 1675 968 mehercule

250 984 365 1023 laudo
387 984 517 1032 illum;
539 984 613 1023 hoc
635 984 739 1023 enim
762 997 879 1023 nemo
900 989 1094 1036 parentat.
1135 988 1178 1022 tu
1199 988 1351 1031 autem,
1374 982 1571 1031 Scintilla,
1605 989 1675 1023 no

250 1041 428 1093 zelotypa
450 1053 548 1081 esse.
571 1041 685 1081 crede
706 1041 813 1089 mihi,
833 1046 871 1080 et
882 1054 949 1081 vos
966 1040 1158 1079 novimus.
1181 1040 1237 1080 sic
1253 1052 1315 1079 me
1333 1040 1480 1080 salvum
1497 1039 1676 1080 habeati

249 1103 293 1136 ut
324 1110 396 1150 ego
427 1098 483 1137 sic
513 1096 685 1138 solebam
716 1098 907 1150 ipsumam
930 1109 1055 1136 meam
1077 1096 1327 1144 (13113113313,
1358 1102 1402 1136 ut
1422 1097 1539 1135 etiam
1559 1094 1677 1137 domi.

251 1167 326 1194 nus
364 1155 649 1207 suspicaretur3
689 1161 727 1194 et
766 1155 852 1194 ideo
891 1167 954 1194 me
993 1154 1032 1193 in
1073 1153 1334 1192 vilicationem
1372 1152 1570 1204 relegavit.
1617 1166 1673 1194 se.

249 1217 348 1259 tace,
370 1211 524 1262 lingua,
545 1211 646 1251 dabo
667 1211 835 1263 panem’.
876 1217 1063 1262 tanquam
1094 1210 1271 1250 laudatus
1291 1216 1394 1250 esset
1422 1209 1664 1262 nequissima

249 1280 396 1316 servus,
428 1269 628 1308 lucernam
660 1269 706 1308 de
737 1268 827 1308 sinu
857 1268 1014 1308 fictilem
1045 1267 1209 1318 protulit
1239 1273 1278 1306 et
1305 1266 1471 1319 amplius
1491 1267 1682 1311 semihor,

249 1324 445 1365 tubicines
483 1325 653 1364 imitatus
692 1331 750 1365 est
788 1325 1019 1365 succinente
1050 1324 1230 1363 Habinna
1270 1329 1310 1363 et
1339 1324 1504 1363 inferius
1533 1323 1645 1363 labru
1672 1355 1682 1373 .-

249 1394 370 1421 manu
401 1382 659 1433 deprimente.
701 1381 837 1421 ultimo
869 1382 985 1421 etiam
1015 1381 1055 1419 in
1078 1380 1248 1420 medium
1280 1381 1472 1433 processit
1502 1385 1541 1420 et
1569 1381 1677 1420 mod·

251 1438 537 1478 harundinibus
576 1438 727 1489 quassis
766 1439 972 1478 choraulas
1002 1437 1173 1477 imitatus
1205 1442 1285 1485 est,
1317 1437 1433 1477 modo
1464 1429 1635 1477 lacerna!

250 1506 340 1534 cum
361 1495 511 1546 flagello
531 1495 753 1534 mulionum
774 1497 848 1535 iata
871 1495 970 1546 egit,
1002 1494 1130 1534 donec
1149 1499 1331 1546 vocatum
1353 1495 1400 1534 ad
1421 1506 1463 1534 80
1484 1486 1672 1534 Habinn·

250 1551 422 1599 basiavit,
443 1552 725 1603 potionemque
745 1552 803 1591 illi
833 1565 906 1604 poi
910 1552 1009 1591 rexit
1039 1556 1077 1590 et
1107 1554 1228 1590 ‘tanto
1251 1550 1400 1590 melior'
1421 1550 1551 1602 inquit
1572 1550 1668 1590 ‘Ma-
1677 1596 1679 1598 ,
1711 1569 1713 1571 >

248 1621 302 1655 sa,
324 1608 429 1647 dono
451 1608 521 1647 tibi
543 1608 708 1660 caligas'.
1706 1614 1709 1625 ¹

360 1677 434 1704 nec
456 1665 558 1705 ullus
587 1671 644 1704 tot
666 1665 857 1704 malorum
883 1665 972 1704 finis
993 1664 1151 1712 suisset,
1185 1663 1259 1704 nisi
1279 1647 1484 1716 epidipnis
1504 1668 1608 1704 esset
1629 1663 1666 1704 31

247 1721 348 1769 lata,
379 1722 484 1761 turdi
515 1721 683 1773 siliginei
713 1722 797 1762 uvis
816 1721 940 1774 passis
960 1720 1210 1772 nucibusque
1232 1721 1335 1760 farsi.
1386 1721 1563 1761 insecuta
1593 1732 1666 1760 sun

250 1778 423 1830 Cydonia
444 1778 559 1818 etiam
582 1779 682 1817 mala
702 1778 827 1830 spinis
849 1779 1013 1825 confixa,
1036 1783 1079 1817 ut
1099 1777 1262 1817 echinos
1283 1777 1499 1817 efficerent.
1530 1783 1569 1816 et
1588 1776 1653 1816 113
1673 1797 1676 1812 s

248 1835 407 1886 quidem
429 1835 646 1874 tolerabilia
678 1841 810 1881 erant,
851 1835 883 1875 si
924 1847 1003 1874 non
1043 1834 1248 1873 fericulum
1281 1834 1396 1885 longe
1427 1834 1666 1874 monstrosi·

248 1891 460 1939 effecisset,
492 1897 535 1930 ut
555 1892 614 1931 vel
637 1893 736 1931 fame
758 1892 888 1944 perire
910 1891 1124 1931 mallemus.
1166 1902 1257 1930 nam
1279 1902 1368 1930 cum
1388 1890 1540 1942 positus
1570 1902 1671 1930 esse

247 1954 290 1987 ut
312 1961 384 1988 nos
414 1948 668 2025 putabamus,
699 1961 815 1988 anser
835 1948 950 1988 altilis
971 1948 1154 1999 circaque
1181 1947 1308 1999 pisces
1327 1952 1367 1986 et
1387 1947 1519 1987 omnia
1539 1959 1665 1999 gene
1673 1987 1676 1990 ,

246 2004 394 2053 avium,
428 2005 975 2057 ι’(1131οῗ13(11111Τ111113101110
1007 2004 1207 2056 ‘quicquid
1238 2003 1376 2044 videtis
1407 2004 1470 2043 hic
1500 2003 1630 2056 positu
1655 2017 1675 2040 κ

249 2062 295 2101 (13
318 2076 397 2102 uno
420 2074 587 2113 corpore
609 2067 668 2102 est
687 2061 857 2102 factum'.
907 2073 999 2113 ego,
1031 2061 1178 2101 scilicet
1198 2061 1316 2100 homo
1337 2054 1669 2112 prudentissimu:
1666 2082 1677 2088 τ

248 2119 376 2159 statim
407 2119 579 2159 intellexi
610 2120 702 2170 quid
734 2124 857 2167 esset,
889 2124 927 2158 et
957 2118 1172 2171 respiciens
1193 2117 1529 2169 Agamemnonem
1549 2117 1668 2169 ‘mira

250 2175 333 2215 bor’
364 2176 524 2228 inquam
546 2175 634 2215 ι11181
657 2176 787 2215 omnia
818 2175 888 2215 ista
910 2175 957 2214 de
975 2175 1066 2227 fimo
1097 2176 1196 2214 facta
1226 2180 1320 2214 sunt
1340 2179 1407 2214 aut
1427 2179 1534 2215 certe
1554 2173 1623 2213 de*
1647 2189 1672 2209 1·-
1710 2217 1713 2223 ⁴

249 2238 300 2272 to.
342 2233 417 2272 vidi
438 2233 585 2272 Romae
605 2231 878 2272 Saturnalibus
900 2231 1090 2272 eiusmodi
1122 2243 1308 2271 cenarum
1341 2231 1552 2283 imaginem
1572 2231 1623 2270 fle
1646 2230 1661 2254 ’-

180 2290 230 2329 70
243 2290 410 2328 necdum
443 2289 622 2329 finieram
653 2301 899 2337 sermonem,
931 2301 1019 2328 cum
1042 2288 1278 2328 Trimalchio
1309 2287 1383 2327 ait:
1415 2288 1479 2328 ‘ita
1510 2299 1596 2327 cres
1627 2302 1659 2321 22

248 2346 497 2397 patrimonio,
520 2359 599 2386 non
618 2358 797 2398 corpore,
819 2351 863 2385 ut
883 2345 955 2385 ista
975 2343 1094 2385 cocus
1109 2357 1221 2385 meus
1245 2345 1292 2384 de
1318 2356 1450 2397 porco*
1465 2344 1568 2384 fecit.
1599 2353 1673 2388 noi

248 2407 378 2454 potest
407 2415 491 2442 esse
522 2402 731 2455 pretiosior
760 2403 891 2442 homo.
932 2402 1121 2450 volueris,
1162 2402 1208 2441 de
1237 2402 1349 2441 vulva
1379 2401 1494 2441 faciet
1522 2400 1627 2452 pisce
1654 2419 1669 2445 a,

249 2459 295 2498 de
315 2458 423 2498 lardo
446 2459 693 2510 palumbum,
725 2459 772 2499 de
802 2471 925 2512 perna
957 2465 1172 2505 turturem,
1204 2459 1251 2498 de
1281 2458 1457 2511 colaepio
1487 2456 1626 2509 gallina
1653 2462 1671 2492 ι’

363 2551 378 2582 1
407 2549 617 2582 immiscebat
641 2548 724 2581 olim
747 2550 877 2591 scripsi
901 2547 914 2592 ΙΙ
940 2550 959 2582 2
984 2548 1095 2582 lassus
1121 2550 1234 2580 tamen
1257 2546 1262 2590 Ι
1284 2545 1436 2580 dedisset
1454 2546 1504 2589 113
1527 2555 1621 2588 nuuq
1624 2543 1658 2586 ui

247 2593 364 2626 didicit
381 2594 392 2637 ΙΙ
412 2596 432 2627 4
457 2593 595 2627 audibat
612 2593 625 2636 1}
643 2597 662 2628 5
688 2594 886 2646 desperatus
904 2593 916 2636 ΙΙ
935 2595 954 2628 8
979 2602 1192 2626 nummorum
1212 2592 1225 2637 ΙΙ
1243 2593 1284 2626 27
1313 2591 1447 2635 siligine
1464 2590 1478 2636 ΙΙ
1517 2591 1561 2625 28
1580 2555 1667 2624 effi

248 2644 366 2682 gerent
392 2640 551 2671 Heinsius
576 2638 588 2682 ΙΙ
611 2640 649 2672 31
679 2640 826 2673 omnium
853 2639 864 2682 ΙΙ
890 2640 932 2673 35
958 2638 1091 2672 (1313013
1124 2641 1158 2671 et
1189 2639 1227 2670 in
1259 2638 1429 2680 margine
1453 2637 1497 2671 31.
1521 2635 1664 2678 defunc
