1728 2886
1689 53 1698 84 3

199 127 253 165 50
818 123 1020 159 PETRONIl
1690 85 1697 123 j

201 242 346 295 spargi.
386 242 506 281 immo
537 240 701 280 anulum
730 239 885 280 traiecit
914 239 955 280 in
978 239 1176 280 dexteram
1200 251 1362 280 manum
1383 246 1422 280 et
1442 243 1537 281 ‘non
1560 232 1700 287 sinen}

201 299 338 340 causa'
368 298 499 350 inquit
530 297 615 337 ‘hic
645 296 818 337 bucinus
847 297 1006 361 signum
1036 296 1162 346 dedit3
1202 308 1293 336 nam
1325 303 1391 337 aut
1419 296 1647 337 incendium

202 361 361 419 oportet
390 356 477 402 fiat,
509 359 575 394 aut
604 353 743 405 aliquis
772 354 813 393 in
844 353 984 393 vicinia
1006 353 1175 393 animam
1196 353 1350 393 abiciet.
1390 353 1509 407 longe
1529 366 1551 393 a
1573 365 1646 393 no-
1694 366 1700 403 ζ

202 412 275 452 bis.
320 412 453 463 itaque
484 411 662 463 quisquis
692 411 801 451 hunc
830 410 999 450 indicem
1030 410 1223 459 attulerit,
1262 410 1513 450 corollarium
1544 410 1647 450 acci·
1694 428 1700 453 J

201 468 307 522 piet'.
348 468 452 508 dicto
484 467 599 508 citius
628 468 675 507 de
694 467 837 507 vicinia
858 467 983 519 gallus
1003 467 1142 507 allatus
1166 472 1245 515 est,
1277 479 1396 518 quem
1413 466 1649 507 Trimalchio
1676 466 1703 513 U

203 525 323 567 occuli
349 525 480 574 iussit,
511 531 555 565 ut
585 537 685 564 aeno
715 530 852 564 coctus
877 524 1001 564 tieret.
1041 524 1234 564 laceratus
1255 523 1377 576 igitur
1395 523 1445 563 ab
1465 523 1532 564 illo
1553 523 1677 567 doc·

202 582 353 623 tissimo
375 594 496 631 coco,
527 581 594 634 qui
616 581 733 645 paulo
755 587 846 620 ante
868 581 916 620 de
937 593 1059 633 porco
1080 593 1170 620 aves
1190 581 1399 644 piscesque
1419 582 1584 628 fecerat,
1606 580 1647 620 in
1693 570 1701 636 33⁵

203 639 415 679 caccabum
454 646 514 679 est
551 638 767 678 coniectus.
827 638 1001 689 dumque
1030 637 1223 677 Daedalus
1257 637 1462 689 potionem
1491 638 1650 677 ferven-

202 696 390 736 tissimam
412 696 553 743 haurit,
576 695 792 734 Fortunata
812 694 914 734 mola
937 694 1063 734 buxea
1085 694 1200 746 piper
1219 694 1338 734 trivit.
1694 691 1703 708 ²

321 753 488 824 sumptis
528 751 648 803 igitur
683 751 838 791 matteis
875 751 1092 803 respiciens
1126 751 1173 790 ad
1203 751 1387 791 familiam
1416 740 1706 803 Trimalchioflj

205 809 312 860 ‘quid
343 808 424 849 vos'
455 809 584 860 inquit
614 808 754 848 ‘adhuc
786 820 867 847 non
890 806 1089 848 cenastis?
1119 807 1244 855 abite,
1275 813 1320 847 ut
1339 807 1404 847 alii
1423 807 1585 847 veniant
1603 807 1649 846 ad
1702 821 1703 824 ¹

206 865 407 905 officium’.
448 864 568 906 subiit
597 864 718 917 igitur
743 864 816 904 alia
847 864 1000 911 classis,
1033 870 1071 904 et
1101 864 1155 904 illi
1186 864 1346 916 quidem
1366 864 1650 904 exclamavere:
1699 892 1703 906 .-,

206 923 302 962 ‘vale
335 922 403 962 Gai
416 922 437 970 ',
469 922 506 962 hi
539 927 690 962 autem:
723 925 813 961 ‘ave
844 921 912 961 Gai
926 922 946 961 '.
987 921 1081 961 hinc
1110 921 1281 974 primum
1312 921 1487 962 hilaritas
1517 925 1651 961 nostra
1699 946 1704 973 :

204 979 360 1019 turbata
390 984 469 1027 est;
501 991 590 1018 nam
621 991 711 1019 cum
742 991 843 1031 puer
863 991 945 1018 non
967 978 1214 1030 inspeciosus
1234 979 1340 1018 inter
1360 990 1484 1025 novos
1503 977 1652 1018 intras·
1700 978 1705 1027 ξ

205 1042 266 1076 set
295 1036 519 1083 ministros,
550 1035 692 1076 invasit
721 1048 811 1076 eum
833 1035 1072 1075 Trimalchio
1094 1041 1134 1075 et
1154 1035 1322 1075 osculari
1342 1035 1489 1075 diutius
1508 1033 1652 1086 coepit.
1680 1031 1707 1079 fl

206 1093 338 1145 itaque
358 1092 597 1140 Fortunata,
628 1099 673 1132 ut
703 1105 750 1132 ex
771 1104 898 1144 aequo
919 1092 980 1132 ius
1001 1093 1159 1132 firmum
1181 1091 1442 1144 approbaret,
1471 1091 1572 1131 male
1593 1089 1652 1130 di·
1696 1087 1705 1148 ξ

206 1161 298 1190 cere
317 1149 600 1189 Trimalchioni
631 1150 762 1202 coepit
783 1155 822 1189 et
842 1155 1146 1201 purgamentum
1178 1149 1428 1201 dedecusque
1448 1147 1652 1201 praedica·
1696 1151 1700 1193 ζ

205 1219 273 1254 re,
305 1207 372 1258 qui
403 1219 483 1246 non
518 1206 743 1246 contineret
771 1206 974 1246 libidinem
1002 1218 1125 1246 suam.
1174 1205 1312 1245 ultimo
1343 1205 1459 1245 etiam
1490 1204 1652 1245 adiecit:

207 1263 356 1303 ‘canis’.
397 1263 634 1303 Trimalchio
664 1269 802 1303 contra
834 1263 1009 1303 offensus
1039 1262 1218 1303 convicio
1249 1262 1410 1302 calicem
1440 1262 1482 1302 in
1512 1261 1650 1302 faciem

208 1320 446 1359 Fortunatae
476 1320 648 1360 immisit.
689 1320 752 1359 illa
782 1325 971 1371 tanquam
995 1320 1153 1359 oculum
1175 1319 1429 1372 perdidisset,
1462 1318 1655 1358 exclama—

207 1377 260 1416 vit
289 1389 510 1428 manusque
540 1382 758 1417 trement-es
788 1377 833 1416 ad
864 1377 1002 1416 faciem
1033 1389 1144 1417 suam
1174 1376 1355 1416 admovit.
1399 1380 1654 1416 consternata
1689 1387 1692 1391 ¹

209 1439 268 1473 est
298 1434 414 1473 etiam
445 1433 621 1473 Scintilla
652 1434 995 1485 trepidantemque
1027 1434 1117 1474 sinu
1147 1446 1219 1473 suo
1250 1433 1360 1473 texit.
1404 1433 1524 1472 immo
1555 1442 1657 1484 puer
1685 1454 1687 1456 -

210 1502 370 1542 quoque
408 1490 609 1530 officiosus
650 1490 853 1529 urceolum
889 1490 1073 1541 frigidum
1112 1490 1159 1529 ad
1190 1490 1329 1530 malam
1359 1489 1445 1530 eius
1474 1489 1656 1535 admovit,

210 1559 330 1598 super
351 1559 469 1598 quem
491 1546 730 1587 incumbens
746 1546 960 1586 Fortunata
982 1559 1140 1599 gemere
1161 1559 1206 1586 ac
1226 1547 1320 1586 flere
1342 1547 1486 1599 coepit.
1520 1552 1659 1586 contra

211 1603 450 1643 Trimalchio
471 1603 579 1655 ‘quid
602 1604 706 1643 enim
719 1602 751 1642 ?’
785 1603 915 1654 inquit
936 1603 1156 1643 ‘ambubaia
1189 1616 1270 1643 non
1293 1603 1493 1652 meminit,
1523 1603 1592 1643 sed
1612 1602 1661 1643 de

211 1660 390 1700 machina
422 1660 526 1700 illam
557 1660 717 1708 sustuli,
748 1660 950 1700 hominem
971 1661 1077 1700 inter
1096 1661 1278 1701 homines
1297 1660 1387 1700 feci.
1427 1665 1467 1700 at
1486 1660 1599 1700 inflat
1617 1671 1661 1699 se
1683 1678 1686 1679 ⁷

211 1724 399 1768 tanquam
422 1729 538 1764 rana,
561 1723 599 1757 et
620 1717 659 1756 in
683 1717 814 1757 sinum
834 1729 949 1757 suum
973 1730 1054 1757 non
1077 1717 1207 1769 spuit,
1229 1718 1376 1765 codex,
1401 1729 1484 1757 non
1506 1716 1659 1757 mulier.

211 1774 279 1813 sed
301 1773 384 1822 hic,
415 1774 482 1825 qui
507 1774 545 1813 in
570 1774 732 1826 pergula
756 1780 871 1814 natus
892 1780 970 1822 est,
1001 1774 1118 1814 aedes
1139 1787 1222 1814 non
1244 1774 1477 1814 somniatur.
1517 1774 1571 1814 ita
1589 1785 1660 1825 ge-

212 1830 322 1870 nium
353 1843 485 1870 meum
515 1830 732 1883 propitium
763 1829 947 1878 habeam,
979 1831 1148 1878 curabo,
1179 1832 1332 1871 domata
1362 1831 1413 1871 sit
1442 1830 1659 1871 Cassandra

212 1887 405 1939 caligaria.
447 1893 485 1927 et
505 1900 600 1940 ego,
622 1887 739 1927 homo
761 1887 1047 1939 dipundiarius,
1068 1888 1292 1928 sestertium
1309 1887 1460 1928 centies
1480 1887 1661 1939 accipere

211 1944 336 1996 potui.
391 1944 469 1984 scis
497 1950 539 1984 tu
572 1956 633 1984 me
665 1957 747 1983 non
783 1944 957 1984 mentiri.
1006 1944 1182 1996 Agatho,
1220 1944 1511 1996 unguentarius
1540 1944 1659 1984 herae

212 2000 434 2054 proximae,
465 2001 619 2041 seduxit
649 2013 711 2040 me
741 2006 781 2041 et
810 2000 1016 2041 “suadeo”
1045 2001 1174 2052 inquit
1194 2005 1311 2041 “non
1342 2001 1503 2054 patiaris
1532 2012 1660 2053 genus

212 2065 325 2098 tuum
355 2057 566 2098 interire''.
606 2064 646 2098 at
675 2069 749 2110 ego
778 2057 873 2097 dum
903 2057 1074 2098 bonatus
1103 2070 1176 2110 ago
1207 2064 1247 2098 et
1276 2058 1370 2098 nolo
1401 2057 1523 2098 videri
1550 2056 1658 2105 levis,
1684 2091 1686 2094 ,

212 2116 297 2167 ipse
328 2115 424 2154 mihi
454 2115 596 2155 asciam
627 2115 668 2154 in
700 2126 793 2154 crus
813 2114 972 2166 impegi.
1013 2120 1139 2164 recte,
1171 2115 1341 2163 curabo,
1371 2127 1435 2155 me
1457 2113 1659 2168 unguibus

214 2183 391 2223 quaeras.
451 2178 490 2211 et
519 2178 563 2211 ut
591 2171 954 2224 depraesentiarum
995 2171 1211 2223 intelligas,
1252 2146 1345 2224 quid
1386 2171 1459 2212 tibi
1497 2170 1659 2212 feceris.
1691 2219 1694 2225 γ

215 2228 419 2276 Habinna,
441 2228 548 2277 nolo,
570 2235 736 2268 statuam
758 2228 843 2268 eius
862 2229 902 2268 in
924 2235 1185 2268 monumento
1207 2241 1296 2269 meo
1318 2241 1457 2282 ponas,
1478 2240 1529 2268 ne
1550 2239 1659 2267 mor·
1687 2226 1695 2259 ‘l

213 2292 305 2325 tuus
327 2260 485 2337 quidem
506 2285 594 2325 lites
612 2285 789 2324 habeam.
830 2273 964 2333 imtno,
986 2292 1030 2325 ut
1048 2286 1147 2325 sciat
1164 2298 1228 2325 me
1247 2298 1364 2339 posse
1385 2285 1531 2326 malum
1550 2285 1659 2334 dare,
1682 2290 1693 2298 '

218 2342 323 2389 nolo,
345 2355 407 2381 me
428 2350 627 2382 mortuum
648 2341 797 2382 basiet’

150 2399 202 2439 75
331 2405 421 2451 post
450 2399 526 2438 hoc
556 2399 704 2439 fulmen
727 2397 932 2438 Habinnas
952 2410 1093 2450 rogare
1113 2398 1266 2450 coepit,
1297 2399 1438 2439 utiam
1459 2397 1675 2439 desineret
1682 2402 1708 2438 ’θ’

216 2455 331 2494 irasci
362 2462 401 2495 et
427 2454 433 2508 Ι
461 2455 606 2495 ‘nemo’
627 2455 756 2507 inquit
777 2458 968 2496 ‘nostrum
1000 2468 1082 2495 non
1114 2461 1263 2508 peccat.
1304 2455 1485 2496 homines
1507 2467 1657 2504 sumus,

334 2579 373 2612 17
398 2577 666 2611 trimalchionem
691 2577 766 2623 [124
789 2588 890 2621 quam
916 2579 1080 2613 Heinsius
1106 2577 1120 2623 ΙΙ
1150 2579 1193 2613 25
1217 2588 1271 2612 me
1295 2577 1389 2612 misit
1412 2576 1494 2612 sede
1517 2575 1659 2611 machil·

217 2621 286 2656 lam
309 2622 401 2656 illam
419 2623 431 2667 ss
452 2625 492 2657 27
519 2624 706 2667 conspuitis
726 2625 769 2658 29
794 2623 823 2657 si
