1728 2886
226 123 279 162 56
841 123 1045 158 PETRONII

935 218 956 241 *

432 307 514 334 non
535 294 634 334 bibit
654 294 760 334 inter
779 306 901 347 aquas
916 308 1033 348 poma
1054 300 1120 337 aut
1141 294 1356 347 pendentia
1372 296 1499 348 carpit

499 350 686 391 Tantalus
706 351 856 400 infelix,
878 365 995 404 quem
1016 365 1085 393 sua
1105 357 1193 392 vota
1215 359 1413 404 premunt.

431 407 560 448 divitis
578 408 675 448 haec
695 409 829 460 magni
849 409 968 450 facies
983 410 1070 460 erit,
1092 409 1224 449 omnia
1245 410 1396 449 circum

500 465 568 516 qui
588 470 698 505 tenet
719 470 759 506 et
778 465 884 506 sicco
907 466 1122 519 concoquit
1141 479 1210 506 ore
1231 467 1386 506 samem.

341 588 424 618 non
463 578 632 618 multum
670 585 829 631 oportet
867 580 1032 631 consilio
1062 579 1245 628 credere,
1285 580 1375 631 quia
1413 590 1524 619 suam
1553 578 1677 624 habes

227 635 386 675 fortuna
408 634 604 675 rationem

936 705 958 729 *
1665 720 1672 732 1

157 749 212 792 83
340 747 381 787 in
403 747 703 799 pinacothecam
724 748 887 799 perveni
903 748 1009 788 vario
1030 760 1177 800 genere
1198 747 1421 789 tabularum
1438 749 1675 795 mirabilem.-

226 815 318 844 nam
349 809 390 843 et
418 803 612 844 Zeuxidos
643 816 783 844 manus
811 803 888 844 vidi
920 805 1097 845 nondum
1129 805 1331 847 vetustatis
1362 806 1505 846 iniuria
1533 811 1671 856 vict&

226 866 266 900 et
294 860 530 912 Protogenis
560 860 783 900 rudimenta
813 873 903 901 cum
933 861 1057 913 ipsius
1088 867 1251 902 naturae
1281 863 1441 904 veritate
1479 868 1615 904 cettan
1635 863 1673 891 “
1700 878 1703 916 2

227 929 308 956 non
330 916 416 957 sine
437 917 606 968 quodam
629 917 795 957 horrore
816 918 989 958 tractavi.
1031 919 1107 958 iam
1123 932 1216 959 vero
1232 919 1380 972 Apellis
1396 932 1515 972 quam
1531 919 1632 961 Grae
1672 919 1677 949 ἶ

224 970 501 1029 μονόκνημον
532 974 752 1026 appellant,
785 975 899 1014 etiam
931 976 1101 1016 adoravi.
1160 982 1269 1016 tanta
1310 977 1416 1017 enim
1454 977 1672 1026 subtilitatf

226 1030 490 1070 extremitates
510 1030 725 1081 imaginum
747 1038 861 1071 erant
881 1032 928 1071 ad
949 1032 1245 1073 similitudinem
1267 1033 1487 1086 praecisae,
1518 1040 1562 1074 ut
1581 1045 1640 1074 cr·
1672 1054 1673 1057 ¹

226 1087 340 1127 deres
359 1087 475 1127 etiam
507 1088 730 1128 animorum
760 1101 846 1128 esse
874 1089 1083 1140 picturam.
1125 1091 1219 1130 hinc
1240 1091 1369 1142 aquila
1389 1091 1541 1131 serebat
1560 1090 1659 1131 cael

226 1143 405 1184 sublimis
415 1144 587 1189 Idaeum,
605 1144 714 1184 illinc
730 1145 919 1186 candidus
936 1145 1054 1199 Hylas
1072 1146 1289 1198 repellebat
1303 1147 1643 1200 improbamNaid
1666 1163 1672 1190 1

225 1199 436 1240 damnabat
455 1201 597 1253 Apollo
620 1201 756 1241 noxias
787 1214 927 1242 manus
957 1202 1160 1255 lyramque
1191 1204 1406 1245 resolutam
1437 1205 1554 1245 modo
1575 1207 1668 1245 nat'

225 1257 322 1297 flore
342 1257 575 1298 honorabat.
605 1258 711 1303 inter
726 1271 826 1309 quos
847 1259 962 1298 etiam
984 1260 1179 1312 pictorum
1200 1261 1415 1302 amantium
1431 1262 1560 1302 vultus
1578 1267 1647 1303 tan

225 1326 342 1365 quam
365 1314 405 1354 in
426 1314 638 1354 solitudine
659 1315 885 1355 exclamavi:
909 1320 1016 1368 ‘ergo
1037 1329 1149 1356 amor
1164 1318 1280 1357 etiam
1295 1318 1390 1358 deos
1406 1319 1543 1371 tangit.
1575 1318 1647 1372 lup
1671 1352 1673 1354 .

224 1370 328 1422 piter
348 1371 389 1410 in
412 1371 521 1411 caelo
552 1384 624 1411 suo
648 1384 728 1411 non
751 1372 902 1412 invenit
922 1373 1028 1424 quod
1049 1373 1247 1426 diligeret,
1279 1375 1345 1415 sed
1368 1381 1605 1427 peccaturus
1624 1375 1654 1416 i

224 1426 340 1467 terris
362 1427 511 1467 nemini
531 1433 663 1467 tamen
685 1428 871 1468 iniuriam
891 1429 995 1469 fecit.
1026 1430 1151 1483 Hylan
1170 1431 1348 1484 Nympha
1364 1432 1548 1484 praedata
1567 1438 1647 1475 tem
1665 1441 1666 1444 ’

223 1490 400 1535 perasset
419 1484 542 1524 amori
563 1497 649 1531 suo,
670 1486 702 1525 si
725 1491 935 1526 venturum
956 1487 1001 1526 ad
1025 1487 1282 1528 interdictum
1303 1489 1517 1529 Herculem
1536 1489 1669 1531 credi

224 1539 356 1580 disset.
386 1541 528 1593 Apollo
543 1541 656 1594 pueri
672 1542 851 1582 umbram
869 1543 1063 1583 revocavit
1078 1543 1118 1583 in
1137 1545 1286 1593 florem,
1303 1552 1343 1584 et
1359 1558 1498 1587 omnes
1513 1546 1644 1588 fabul
1664 1555 1670 1586 L

225 1608 383 1649 quoque
404 1597 490 1637 sine
511 1598 664 1637 aemulo
685 1598 912 1639 habuerunt
931 1600 1173 1652 complexus.
1214 1607 1253 1641 at
1282 1615 1356 1654 ego
1377 1602 1418 1642 in
1439 1603 1655 1645 societate
1704 1632 1707 1639 ›

224 1653 358 1706 recepi
379 1654 574 1706 hospitem
595 1654 775 1707 Lycurgo
797 1656 1085 1697 crudeliorem'.
1665 1666 1666 1670 ’

162 1923 164 1925 V
225 1948 320 1988 ergo
341 1937 389 1976 ad
410 1937 511 1978 latus
531 1938 709 1979 constitit
729 1951 859 1979 meum

930 2010 953 2035 *

337 2049 437 2101 ‘ego'
457 2049 588 2102 inquit
609 2054 738 2103 ‘poeta
758 2065 846 2092 sum
867 2058 906 2093 et
925 2059 970 2093 ut
989 2066 1127 2106 spero,
1160 2068 1242 2095 non
1264 2056 1471 2097 humillimi
1490 2039 1665 2110 spirituss

223 2105 256 2144 si
277 2106 394 2146 modo
416 2107 576 2148 coronis
597 2108 742 2160 aliquid
764 2110 1005 2150 credendum
1037 2117 1117 2160 est,
1149 2124 1246 2163 quas
1277 2112 1393 2153 etiam
1422 2114 1470 2154 ad
1490 2110 1660 2158 immeri

223 2168 284 2202 tos
305 2161 457 2202 deferre
478 2164 601 2215 gratia
623 2165 734 2205 solet.
758 2168 906 2218 “quare
937 2167 1057 2220 ergo”
1079 2168 1213 2220 inquis
1236 2171 1340 2211 “tam
1372 2170 1471 2211 male
1501 2170 1598 2212 vesti
1645 2173 1663 2224 ς]

220 2216 530 2316 ῗὲηῗςςεὲῐέορῐεῐ·
550 2220 626 2262 hoc
646 2221 788 2274 ipsum.
837 2235 949 2263 amor
977 2224 1127 2277 ingenii
1149 2225 1349 2267 neminem
1370 2239 1547 2279 unquam
1566 2226 1641 2268 di·
1656 2245 1661 2271 ,-

417 2331 422 2385 Ι
449 2333 516 2384 qui
538 2334 677 2387 pelago
700 2335 836 2385 credit,
857 2348 1002 2389 magno
1023 2350 1065 2377 se
1085 2338 1246 2379 faenore
1267 2339 1390 2389 tollit;

316 2444 330 2476 1
358 2442 424 2476 hoc
449 2446 681 2479 tetrastichon
701 2450 786 2490 post
803 2457 841 2490 p.
863 2449 914 2488 14,
932 2449 951 2481 3
977 2451 1060 2481 ante
1081 2460 1117 2491 p.
1135 2451 1189 2491 21,
1207 2451 1251 2484 34
1268 2451 1353 2484 olim
1378 2450 1494 2484 locum
1509 2452 1636 2487 habuit
1652 2427 1663 2435 .-

222 2488 242 2521 3
265 2489 352 2529 puto
376 2488 491 2522 miseri
523 2490 528 2533 Ι
560 2491 672 2525 omnia
699 2502 840 2526 cernens
864 2492 966 2536 libri,
995 2495 1107 2528 omnia
1140 2495 1209 2529 late
1240 2496 1456 2539 Fulgenum
1480 2496 1494 2541 Ι
1523 2498 1546 2531 4
1569 2499 1641 2532 te·-

220 2531 458 2574 Fulgentius:
494 2535 591 2569 timet
624 2537 709 2570 libri
736 2537 749 2581 ΙΙ
781 2540 818 2572 11
855 2548 1095 2573 monocremon
1123 2541 1136 2584 ll
1169 2543 1209 2576 13
1241 2539 1398 2581 fortune
1420 2541 1476 2577 hic
1498 2545 1534 2576 ot
1555 2541 1630 2578 illie

223 2579 266 2611 14
290 2577 390 2611 deum
413 2579 426 2623 ΙΙ
453 2581 492 2613 18
518 2580 660 2623 eligeret
684 2586 719 2616 et
753 2583 766 2625 ΙΙ
803 2585 844 2618 19
869 2584 1071 2627 imperasset
1102 2584 1115 2630 ΙΙ
1146 2587 1189 2620 22
1214 2586 1406 2622 habuerunt
1427 2587 1504 2622 sine
1526 2597 1601 2624 aem
1636 2598 1641 2613 Γ

214 2632 304 2665 pars
328 2623 501 2657 librorum
525 2624 537 2667 ΙΙ
563 2627 604 2659 27
630 2627 803 2661 literatum
826 2629 838 2673 Η
863 2631 906 2663 30
930 2629 1109 2674 imperitos
1559 2655 1561 2658 <
