1728 2886
231 82 311 120 142

290 1283 326 1316 10

842 85 1042 123 -CARMINA

891 200 991 240 XXV

382 265 466 306 Hoc
487 271 702 318 sceptrum,
724 268 829 319 quod
850 268 897 307 ab
920 269 1061 310 arbore
1082 275 1126 310 ut
1147 270 1315 311 recisum
1337 278 1405 321 est,

382 322 486 363 nulla
507 323 582 363 iam
603 324 748 376 poterit
765 325 892 365 virere
913 326 1075 376 fronde3

380 386 591 433 sceptrum,
613 380 718 432 quod
739 382 916 434 pathicae
934 388 1075 435 petunt
1095 383 1259 436 puellae,

379 437 486 488 quod
507 437 664 489 quidam
685 438 852 490 cupiunt
873 445 1007 479 tenere
1027 452 1154 492 reges,

382 493 447 533 cui
467 494 562 534 dant
582 494 715 534 oscula
735 495 889 536 nobiles
910 497 1072 546 cinaedi,

381 550 484 590 intra
503 551 652 591 viscera
672 551 770 592 furis
790 551 862 592 ibit
882 565 1006 606 usque

384 607 432 647 ad
465 607 611 660 pubem
633 608 896 660 capulumque
917 610 1130 650 coleorum.

382 765 506 805 Porro
528 788 583 794 —
604 778 694 816 nam
715 767 803 818 quis
824 767 899 806 erit
918 767 1086 808 modus?
1108 791 1161 797 --
1184 769 1372 817 Quirites,

380 828 447 862 aut
466 821 680 874 praecidite
701 823 888 863 seminale
910 824 1143 874 membrum,

382 879 488 931 quod
508 879 600 920 totis
619 879 714 919 mihi
735 880 919 921 noctibus
938 882 1102 933 fatigant

381 936 532 976 vicinae
551 937 637 976 sine
657 937 737 976 fine
758 937 982 990 prurientes

383 993 512 1033 vernis
532 993 756 1045 passeribus
777 994 997 1043 salaciores,

382 1056 449 1090 aut
469 1062 630 1103 rumpar
652 1063 726 1091 nec
746 1051 940 1098 habebitis
957 1051 1153 1104 Priapum.

382 1107 458 1159 ipsi
479 1108 654 1155 cernitis,
676 1108 865 1148 effututus
886 1114 929 1148 ut
948 1109 1018 1149 sim

384 1164 668 1216 contectusque
688 1177 899 1216 macerque
918 1165 1177 1218 pallidusque,

384 1220 451 1272 qui
472 1221 675 1272 quondam⁴
692 1222 812 1261 ruber
832 1228 871 1262 et
889 1222 1022 1262 valens
1041 1222 1215 1262 solebam

383 1278 490 1318 fures
511 1278 673 1318 caedere
693 1279 907 1330 quamlibet
926 1279 1109 1319 valentes.

384 1334 526 1374 defecit
545 1335 645 1375 latus
665 1342 703 1375 et
723 1335 982 1387 periculosam

384 1403 473 1431 cum
494 1392 591 1432 tussi
612 1392 730 1432 miser
750 1405 878 1444 expuo
901 1393 1069 1433 salivam.

880 1493 1019 1533 XXVII

387 1561 557 1601 Deliciae
578 1561 728 1614 populi,
749 1573 892 1614 magno
914 1561 1115 1601 notissima
1138 1561 1244 1601 circo

439 1617 611 1666 Quintia,
633 1618 800 1658 vibratas
821 1618 934 1658 docta
953 1630 1110 1658 movere
1133 1622 1256 1666 nates,

385 1674 561 1727 cymbala
582 1688 671 1716 cum
693 1675 859 1721 crotalis,
884 1675 1097 1727 pruriginis
1117 1686 1238 1723 arma,
1262 1674 1401 1728 Priapo

439 1733 552 1783 ponit
572 1741 610 1772 ct
630 1732 795 1772 adducta
817 1738 1001 1785 tympana
1023 1731 1134 1784 pulsa
1156 1744 1296 1771 manu:

386 1800 458 1842 pro
479 1789 636 1840 quibus,
659 1788 703 1829 ut
721 1801 876 1841 semper
897 1789 1045 1842 placeat
1065 1788 1344 1840 spectantibus,
1362 1795 1458 1838 orat,

438 1851 624 1898 tentaque
644 1847 691 1886 ad
713 1846 944 1899 exemplum⁸
957 1846 1006 1886 sit
1026 1858 1095 1885 sua
1116 1845 1231 1885 turba
1252 1845 1325 1885 dei.

878 1947 1032 1987 XXVIII

389 2015 460 2062 Tu,
483 2016 549 2068 qui
571 2029 651 2056 non
674 2015 777 2056 bene
796 2015 943 2068 cogitas
963 2021 1002 2054 et
1021 2026 1136 2066 aegre

388 2073 586 2125 carpendo
609 2072 679 2113 tibi
699 2079 894 2126 temperas
915 2071 963 2111 ab
984 2072 1110 2116 horto,

388 2129 620 2181 pedicabere
642 2130 789 2170 fascino
813 2129 953 2182 pedali.

389 2187 493 2238 quod
513 2187 544 2227 si
566 2192 643 2226 tam
664 2187 790 2238 gravis
810 2191 848 2226 et
868 2185 1029 2225 molesta
1051 2197 1177 2237 poena

391 2255 471 2283 non
495 2244 719 2295 profecerit,
741 2243 878 2283 altiora
898 2248 1069 2294 tangam.

865 2343 1041 2383 XXVIIII

392 2413 597 2462 Obscenis,
619 2425 789 2466 peream,
811 2413 963 2464 Priape,
984 2412 1016 2452 si
1038 2424 1118 2453 non

392 2470 446 2509 uti
468 2483 530 2510 me
550 2470 700 2524 pudet
691 2470 959 2522 impiobisque
979 2468 1119 2508 verbis.

354 2558 443 2591 XXV
475 2562 487 2593 1
516 2559 635 2593 arbore
659 2562 712 2593 est
735 2559 880 2593 recisum
901 2557 914 2603 ΙΙ
932 2556 1038 2592 XXVI
1061 2558 1082 2591 9
1105 2556 1259 2597 fortasse
1282 2558 1316 2590 et
1339 2555 1450 2599 rigens
1480 2554 1493 2600 ΙΙ
1516 2551 1674 2599 ΧΧἺΙΣΙῌ«

242 2607 261 2638 2
286 2604 448 2646 impiobis
474 2605 656 2648 probisque
680 2604 736 2637 vel
758 2604 958 2648 probrisque

1663 662 1705 1258 *Wffwsffuwwm
1669 620 1691 638 *5
1688 488 1691 490 «
1683 464 1685 466 -
