1728 2886
686 141 934 178 ΜΕΝΙΡΡΕΑΕ
967 166 972 169 -
1432 141 1486 181 20
1493 142 1512 179 1

679 257 727 297 VI
750 260 788 306 (1
811 264 846 298 et
867 258 908 307 3)

231 331 321 363 ante
352 324 456 364 auris
486 325 601 364 modo
633 338 679 365 ex
698 325 901 366 subolibus
927 325 1076 378 parvuli
1106 325 1241 365 intorti
1262 325 1516 365 demitteban—
1546 333 1606 366 3¹15

48 396 50 398 ·
90 386 157 420 tur
177 392 243 420 sex
274 380 465 428 cincinni,
490 381 592 421 oculi
621 382 843 434 suppaetuli
864 381 1017 434 nigellis
1036 382 1195 434 pupulis
1216 382 1400 434 liquidam
1420 382 1517 422 hila-

37 455 38 458 *
91 436 243 476 ritatem
263 437 531 488 significantes
551 437 694 485 animi,
724 438 845 478 rictus
875 439 1126 490 parvissimus
1155 444 1198 478 ut
1218 439 1415 479 refrenato
1436 439 1516 479 risu

91 504 136 532 1'0
143 505 210 532 SCO

736 550 804 589 vn
827 550 883 602 (9)

233 616 300 667 qui
321 622 450 668 potest
471 617 554 657 laus
573 617 695 657 videri
715 630 825 666 vera,
856 630 943 658 cum
974 624 1152 658 mortuus
1183 631 1298 670 saepe
1319 619 1516 659 furacissi-
1546 630 1606 663 376

93 684 181 713 mus
200 684 244 712 ac
267 673 530 724 nequissimus
551 674 643 714 civis
663 674 768 715 iuxta
790 686 835 714 ac
852 675 892 714 P.
915 675 1122 716 Africanus

711 753 794 792 vm
815 754 902 804 (14)

119 875 126 882 ·
234 819 265 858 si
287 826 326 859 et
346 825 548 860 accusator
569 827 607 860 et
627 833 718 861 reus
738 827 855 860 erunt
882 820 1062 861 tenebrio
1091 827 1278 872 uterque,
1309 827 1519 872 utrumque
1548 832 1607 865 377

94 881 310 927 vituperato

704 932 806 972 vnn
828 934 914 984 (13)

32 1039 36 1047 ,
235 1005 394 1051 praetor
412 1006 539 1040 vester
560 1000 703 1052 eripuit
722 1001 815 1040 mihi
837 1001 1057 1052 pecuniam.
1106 1000 1154 1040 de
1185 1013 1228 1040 ea
1259 1008 1439 1053 questum
1467 1002 1513 1041 ad
1545 1008 1602 1043 378

1 1056 4 1102 J
32 1076 45 1106 ς
94 1067 239 1095 annum
261 1057 412 1095 veniam
433 1056 479 1096 ad
501 1069 643 1096 novum
666 1057 951 1108 magistratum,
990 1069 1081 1096 cum
1115 1057 1179 1097 hic
1214 1070 1309 1109 rapo
1337 1058 1517 1098 umbram

35 1115 37 1117 ’
95 1124 252 1164 quoque
272 1113 354 1164 spei
378 1113 600 1153 devorasset

734 1180 766 1219 X
789 1182 875 1230 (11)

235 1247 298 1287 ille
319 1247 398 1291 ales
419 1248 541 1300 gallus
561 1248 628 1300 qui
658 1248 871 1288 suscitabat
890 1248 1103 1288 Atticarum
1125 1248 1322 1289 Musarum
1352 1250 1518 1302 scripto·
1549 1257 1605 1291 379

5 1316 22 1326 ·-
95 1315 171 1352 res,
192 1316 241 1344 an
264 1305 326 1344 hic
348 1305 413 1356 qui
435 1317 592 1357 gregem
613 1303 867 1344 rabularum?

747 1383 798 1423 XI
820 1385 876 1435 (6)

236 1450 310 1490 hoc
343 1450 500 1491 Graecis
534 1451 783 1499 renuntiato,
819 1458 863 1491 ut
892 1451 1003 1491 facile
1024 1451 1272 1503 intellegeres
1295 1465 1367 1492 nos
1388 1453 1435 1492 ab
1458 1453 1518 1493 his
1547 1455 1603 1489 380

33 1515 35 1519 ¹
96 1507 225 1555 amari,
247 1508 632 1547 commurmur'antur
653 1501 757 1549 αὐτό

717 1585 786 1625 ΧΠ
826 1586 875 1628 15

32 1702 35 1703 ⁷
238 1665 358 1705 quare
379 1653 526 1694 resides
546 1654 773 1704 lingulacae,
791 1587 1074 1706 o(ptr)ectatores
1093 1654 1164 1702 tui,
1186 1654 1262 1693 iam
1285 1667 1392 1695 nunc
1412 1667 1520 1696 mur·
1550 1658 1605 1692 381

32 1715 33 1720 ’
96 1716 298 1750 murantes
318 1710 474 1750 dicunt:
514 1707 775 1766 μωμήσεταί
793 1725 861 1759 τις
881 1709 1048 1763 μᾶλλον
1069 1702 1096 1766 ἢ
1116 1708 1357 1766 μιμήσεται

728 1788 815 1828 x111
835 1789 892 1839 (8)

12 1892 33 1904 1,
184 1896 187 1898 ,
239 1856 419 1907 imperito
441 1869 739 1909 nonnumquam
761 1856 912 1896 concha
939 1856 1090 1897 videtur
1118 1857 1343 1909 margarita,
1379 1857 1521 1897 vitrum
1550 1862 1607 1896 382

11 1910 35 1962 ἶ-ζ.
98 1912 320 1964 smaragdos

703 1969 810 2008 XIIII
831 1971 916 2020 (10)

240 2037 333 2076 dum
353 2036 457 2084 vixit,
478 2036 692 2089 promiscas
712 2037 791 2077 avis
809 2037 885 2076 mei
906 2037 945 2076 in
967 2036 1168 2078 chortibus
1187 2038 1291 2090 pavit
1550 2044 1607 2078 383

20 2173 27 2182 ι
213 2149 277 2182 375
302 2147 347 2181 Ν.
369 2158 404 2190 p.
429 2147 495 2181 456
519 2147 640 2181 rictum
673 2147 678 2190 Ι
710 2152 745 2181 et
775 2147 951 2182 subolibus
975 2147 1188 2182 subolidibus
1213 2149 1325 2182 codex
1349 2152 1523 2192 optimus:

19 2189 31 2210 ¹‘'
100 2193 299 2227 addendum
322 2193 475 2233 fortasse
499 2192 680 2226 subtilibus
700 2193 705 2236 Ι
726 2192 786 2226 sed
811 2193 956 2227 cincinni
981 2193 1089 2227 oculis
1113 2194 1280 2236 supetulis
1304 2194 1440 2237 nigellis
1463 2205 1524 2239 po-

19 2267 22 2270 .
99 2238 170 2283 puli
206 2248 306 2282 quam
347 2238 550 2271 hilaritatem
574 2237 808 2278 (demittebant
844 2248 880 2271 se
904 2238 1094 2280 Martinus,
1130 2239 1276 2282 aliquam
1311 2239 1521 2283 Gifanius)!

100 2293 196 2318 rosea
222 2283 346 2317 labiola
370 2282 547 2326 Roepms
563 2283 576 2326 ΙΙ
594 2285 659 2317 376
683 2283 774 2327 N.p.
788 2284 853 2317 322
878 2283 970 2318 iuxta
991 2284 996 2321 Ι
1016 2293 1097 2317 vesa
1123 2287 1314 2318 commotus
1338 2289 1403 2318 aut
1425 2295 1522 2320 versa

101 2338 176 2363 cum
201 2332 330 2363 motus:
365 2331 455 2372 puto
492 2328 518 2362 si
551 2338 589 2361 ea
620 2328 809 2362 cumulatur
834 2329 846 2371 ΙΙ
877 2329 940 2363 377
966 2328 1010 2363 Ν.
1034 2340 1069 2372 p.
1098 2330 1138 2364 19
1169 2329 1383 2364 tenebriones
1404 2330 1410 2373 Ι
1430 2333 1524 2365 tene-

34 2366 45 2419 ἶ
103 2374 239 2408 briones
263 2374 347 2407 libri
371 2384 490 2406 omnes
514 2376 658 2416 excepto
685 2375 815 2417 optimo
831 2377 842 2414 n
861 2374 927 2409 378
953 2373 998 2410 N.
1017 2385 1055 2418 p.
1073 2376 1115 2409 26
1140 2384 1284 2417 rapones
1305 2374 1310 2419 Ι
1332 2375 1427 2409 deest
1442 2387 1523 2410 eon-

23 2428 45 2464 gd
101 2419 252 2453 dicionis
273 2419 492 2462 significatio
518 2418 531 2462 ΙΙ
554 2420 619 2453 379
643 2417 687 2453 Ν.
708 2430 745 2462 p.
771 2419 814 2452 26
837 2419 974 2453 rabulae
1002 2418 1008 2464 Ι
1037 2419 1202 2453 aitharum
1227 2430 1396 2455 musarum
1417 2421 1423 2464 Ι
1445 2421 1522 2466 quia

102 2465 268 2518 gregem-fl
286 2466 350 2500 380
375 2463 420 2499 N.
440 2474 478 2507 p.
495 2465 560 2498 478
586 2463 784 2497 murmurari
805 2466 811 2506 Ι
831 2464 925 2498 autoi
951 2465 1018 2498 alii
1042 2466 1216 2520 (sequitur
1238 2465 1340 2520 idem)
1358 2466 1371 2508 ΙΙ
1386 2467 1449 2501 381
1477 2466 1524 2502 N.

98 2509 447 2599 {2333033223322
469 2509 738 2598 ἧξέίῗξὲἒῗᾝ
755 2512 936 2598 ῖὶἔὶιῗῗῖἷ
959 2509 1098 2590 ζ’ἐῑέἶὲ
1116 2521 1169 2599 33⁴
1172 2513 1525 2602 ²2⁰13m1153¹r²53⁴35tss²5

26 2587 45 2633 ἶ)
102 2600 280 2644 margarita
305 2599 634 2642 mutamisimargdos
651 2599 663 2643 ΙΙ
681 2601 747 2634 383
771 2598 816 2633 Ν.
829 2610 863 2642 p.
878 2601 920 2635 83
947 2600 1081 2634 chortes
1100 2599 1108 2645 Ι
1127 2600 1197 2634 vixi
1215 2601 1429 2645 promiscaris
1446 2602 1522 2637 mei.

35 2648 46 2679 ι’
101 2648 216 2690 potest
237 2647 373 2679 mutan·
396 2647 433 2678 in
459 2646 700 2679 heoeamecrum
718 2644 897 2688 (promisca
915 2644 1016 2680 Ceres
1040 2648 1106 2688 me)
