1780 2892
697 134 882 170 SATIRAE
1438 133 1490 172 25

30 252 33 254 ’
77 250 125 292 ad
145 261 355 297 summam,
386 261 495 289 mero
524 248 686 289 meridie
715 249 748 289 si
778 249 917 290 dixerit
937 249 990 289 illi
1015 248 1195 289 tenebras
1215 261 1319 297 esse,
1351 249 1494 288 credet.

21 317 60 353 Π
80 305 88 363 Ι
107 307 191 360 ipse
221 307 344 346 nescit
373 306 464 358 quid
494 305 653 353 habeat,
683 306 778 345 adeo
800 306 974 358 saplutus
1001 312 1058 346 est
1068 317 1078 353 ;
1109 305 1175 345 sed
1206 306 1300 345 haec
1329 303 1495 358 lupatria

73 363 252 417 providet
280 363 411 407 omnia
441 367 479 402 et
507 361 575 401 ubi
605 374 685 401 non
708 368 834 413 putes.
879 369 939 402 est
967 362 1087 410 sicca,
1118 361 1268 409 sobria,
1298 361 1494 401 bonorum

72 419 324 460 consiliorum
355 420 518 470 [tantum
538 418 621 457 auri
642 418 781 469 vides],
813 424 872 458 est
900 424 1030 458 tamen
1062 418 1183 458 malae
1203 418 1378 470 linguae,
1409 418 1495 470 pica

26 480 46 516 5
72 475 296 529 pulvinaris.
337 487 453 526 quem
474 480 596 522 amat,
618 480 740 522 amat3
772 486 888 526 quem
910 487 990 514 non
1012 480 1132 522 amat,
1155 487 1236 513 non
1258 480 1371 514 amat.
1412 475 1495 526 ipse

74 531 310 572 Trimalchio
339 531 482 571 fundos
511 530 647 578 hahet,
678 542 754 582 qua
783 531 887 570 milvi
916 530 1066 578 volant,
1098 542 1349 570 nummorum
1380 543 1496 570 num-

73 599 172 628 mos.
212 593 416 639 argentum
437 588 477 627 in
499 586 645 627 ostiarii
665 587 768 627 illius
788 587 883 627 cella
903 587 991 639 plus
1012 586 1131 635 iacet,
1155 599 1269 638 quam
1291 587 1496 638 quisquam

74 644 115 684 in
138 644 306 684 fortunis
326 644 452 683 hahet.
487 643 628 683 familia
649 655 739 683 vero
760 643 882 683 babae
903 642 1036 690 babae,
1057 655 1139 682 non
1160 643 1402 683 mehercules
1422 655 1496 695 pu·-

75 706 118 740 to
137 700 339 740 decumam
360 706 510 752 partem
531 712 614 740 esse
635 711 732 751 quae
753 700 955 740 dominum
976 711 1090 739 suum
1113 700 1276 739 noverit.
1323 700 1369 739 ad
1389 711 1497 739 sum-

24 760 46 796 ο
73 769 198 804 mam,
228 757 402 808 quemvis
431 768 478 795 ex
507 756 590 796 istis
611 755 828 796 babaecalis
849 756 888 795 in
915 761 1026 795 rutae
1046 755 1182 795 folium
1203 755 1382 795 coniciet.
1423 767 1496 795 nec
1511 756 1565 798 38

75 818 136 853 est
155 813 259 864 quod
281 819 393 864 putes
423 813 530 852 illum
559 813 766 864 quicquam
797 825 937 853 emere.
983 812 1113 852 omnia
1134 812 1237 852 dorni
1259 818 1495 852 nascuntur:

75 869 185 917 lana,
215 869 374 917 cedrae,
405 869 535 921 piper,
572 869 670 908 lacte
699 869 954 920 gallinaceum
985 869 1017 908 si
1049 868 1278 919 quaesieris,
1310 869 1497 908 invenies.

76 925 125 964 ad
142 937 353 972 summam,
374 937 510 976 parum
532 925 586 964 illi
606 924 711 964 bona
731 925 817 965 lana
839 924 1093 974 nascebatur3
1125 925 1263 965 arietes
1283 937 1304 964 a
1327 925 1498 964 Tarento

77 981 171 1021 emit
190 987 229 1021 et
248 981 478 1021 testiculavit
497 981 537 1020 in
560 993 731 1032 gregem.
772 982 848 1021 mel
869 981 1037 1020 Atticum
1069 987 1112 1020 ut
1132 980 1236 1020 domi
1258 989 1498 1029 nasceretur,

75 1049 167 1090 apes
196 1036 244 1077 ab
273 1037 435 1077 Athenis
464 1037 574 1077 iussit
602 1037 754 1087 afferri3
786 1038 911 1077 obiter
941 1043 979 1076 et
1006 1037 1236 1076 vernaculae
1266 1049 1365 1088 quae
1395 1044 1499 1084 sunt,

76 1094 327 1134 meliusculae
358 1105 377 1132 a
399 1093 598 1133 Graeculis
628 1094 734 1133 fient.
784 1106 873 1134 ecce
904 1093 1008 1133 intra
1037 1093 1108 1133 hos
1139 1093 1220 1133 dies
1250 1093 1426 1145 scripsit,
1457 1100 1501 1132 ut

77 1148 207 1190 illi'ex
226 1149 335 1190 India
364 1161 498 1190 semen
528 1149 750 1190 boletorum-
777 1150 1009 1190 mitteretur.
1059 1161 1149 1189 nam
1178 1149 1322 1189 mulam
1343 1149 1500 1201 quidem

78 1205 223 1246 nullam
251 1205 389 1254 habet,
420 1218 520 1257 quae
551 1219 631 1246 non
662 1219 709 1246 ex
731 1218 879 1258 onagro
906 1212 995 1246 nata
1015 1206 1074 1246 sit.
1115 1205 1221 1246 vides
1241 1211 1299 1245 tot
1319 1205 1499 1246 culcitas:

80 1262 185 1302 nulla
225 1275 304 1302 non
344 1268 411 1302 aut
440 1262 726 1315 conchyliatum
760 1268 826 1302 aut
863 1263 1091 1302 coccineum
1122 1268 1340 1302 tomentum
1370 1262 1500 1302 habet.

32 1323 52 1356 0
79 1324 185 1358 tanta
206 1324 264 1359 est
283 1319 402 1358 animi
432 1318 643 1358 beatitudo.
692 1319 862 1370 reliquos
892 1324 1020 1358 autem
1052 1318 1276 1359 collibertos
1297 1319 1381 1358 eius
1411 1331 1502 1358 cave

81 1382 325 1415 contemnas.
383 1375 490 1414 valde
519 1375 667 1415 sucossi
697 1381 800 1415 sunt.
851 1375 955 1415 vides
985 1375 1092 1414 illum
1124 1376 1190 1426 qui
1220 1375 1260 1414 in
1292 1375 1370 1414 imo
1402 1375 1504 1415 imus

82 1431 292 1471 recumbit:
313 1431 427 1471 hodie
447 1443 515 1471 sua
536 1432 759 1483 octingenta
780 1432 963 1483 possidet.
1004 1431 1050 1470 de
1074 1431 1193 1470 nihilo
1215 1431 1347 1471 crevit.
1387 1431 1503 1471 modo

83 1487 232 1528 solebat
261 1487 360 1527 collo
391 1500 463 1528 suo
492 1488 597 1539 ligna
625 1493 794 1540 portare.
853 1488 920 1528 sed
954 1488 1151 1538 quomodo
1181 1487 1318 1527 dicunt
1347 1510 1401 1516 —
1431 1499 1504 1538 ego

85 1543 183 1584 nihil
204 1543 305 1591 scio,
335 1544 401 1584 sed
422 1543 546 1583 audivi
567 1565 622 1573 —-
644 1555 761 1595 quom
787 1544 980 1583 Incuboni
1011 1544 1168 1595 pilleum
1191 1544 1402 1595 rapuisset,
1434 1541 1503 1598 [et]

18 1602 56 1637 25
85 1599 308 1640 thesaurum
329 1600 490 1639 invenit.
531 1612 603 1652 ego
634 1600 780 1639 nemini
801 1600 976 1647 invideo,
1006 1601 1038 1640 si
1060 1600 1151 1651 quid
1175 1600 1270 1639 deus
1290 1600 1406 1640 dedit.
1448 1607 1507 1640 est

85 1662 214 1695 tamen
245 1655 318 1695 sub
349 1656 457 1707 alapa
487 1661 525 1695 et
554 1669 633 1696 non
655 1656 736 1695 vult
762 1655 835 1696 sibi
863 1656 974 1696 male.
1023 1656 1153 1707 itaque
1173 1656 1350 1708 proxime
1380 1668 1506 1696 casam

87 1712 162 1752 hoc
187 1712 300 1751 titulo
329 1712 579 1764 proscripsit:
611 1712 676 1752 “C.
699 1712 906 1764 Pompeius
927 1712 1119 1763 Diogenes
1139 1725 1185 1752 ex
1206 1712 1380 1752 kalendis
1400 1712 1506 1752 Iuliis

86 1768 315 1808 cenaculum
344 1768 446 1807 locat
457 1779 467 1815 ;
498 1768 580 1820 ipse
610 1769 714 1807 enim
745 1769 903 1808 domum
926 1768 1053 1808 emit”.
1105 1768 1194 1820 quid
1217 1769 1280 1808 ille
1302 1768 1368 1819 qui
1388 1768 1506 1808 liber-

23 1859 38 1875 ,
86 1823 160 1864 tini
175 1824 261 1864 loco
283 1824 403 1872 iacet,
434 1836 550 1876 quam
570 1824 671 1864 bene
701 1837 742 1864 se
763 1825 910 1864 habuit.
959 1837 1039 1864 non
1062 1824 1286 1876 impropero
1308 1825 1374 1864 illi.
1424 1837 1506 1865 ses-

19 1882 58 1916 80
86 1880 243 1920 tertium
262 1893 375 1920 suum
397 1880 488 1920 vidit
508 1881 655 1928 decies,
686 1880 752 1920 sed
782 1881 881 1920 male
911 1881 1109 1920 vacillavit.
1159 1893 1239 1921 non
1271 1887 1366 1933 puto
1396 1881 1505 1921 illum

87 1936 246 1988 capillos
274 1936 418 1977 liberos
447 1936 611 1984 habere,
649 1949 721 1976 nec
750 1937 994 1977 mehercules
1023 1949 1091 1977 sua
1121 1937 1256 1989 culpa3
1287 1937 1369 1989 ipso
1401 1938 1505 1977 enim

88 1992 205 2032 homo
224 1993 362 2032 melior
382 2005 462 2032 non
484 1999 562 2041 est;
587 1993 653 2032 sed
675 1992 803 2033 liberti
823 1993 1012 2041 scelerati,
1034 1993 1100 2045 qui
1123 1994 1252 2033 omnia
1274 1995 1319 2032 ad
1340 2006 1382 2034 se
1403 1995 1507 2034 fece-

87 2055 193 2089 runt.
241 2049 337 2089 scito
367 2055 514 2105 autem:
545 2049 741 2089 sociorum
773 2050 847 2089 olla
873 2050 971 2089 male
991 2051 1131 2097 fervet,
1162 2055 1200 2088 et
1219 2050 1286 2089 ubi
1307 2050 1426 2090 semel
1446 2062 1509 2090 res

88 2105 268 2145 inclinata
290 2111 366 2153 est,
398 2105 509 2144 amici
530 2106 577 2145 de
597 2106 737 2145 medio.
785 2113 822 2146 et
843 2118 956 2157 quam
978 2106 1180 2146 honestam
1203 2106 1506 2157 negotiationem

20 2161 62 2196 ⁸5
86 2161 282 2208 exercuit,
312 2161 416 2213 quod
445 2161 552 2201 illum
574 2161 630 2202 sic
649 2162 764 2202 vides.
814 2162 1049 2202 libitinarius
1070 2162 1153 2202 suit.
1200 2161 1348 2202 solebat
1367 2163 1422 2202 sic
1443 2175 1507 2202 ce-

91 2229 204 2266 nare,
235 2218 428 2269 quomodo
450 2230 537 2257 rex:
568 2230 683 2270 apros
703 2224 952 2270 gausapatos,
983 2230 1100 2270 opera
1121 2218 1299 2270 pistoria,
1321 2219 1418 2267 avis,
1441 2230 1508 2258 co-

90 2285 176 2322 cos,
207 2274 384 2326 pistores.
433 2274 521 2326 plus
549 2274 627 2314 vini
658 2275 730 2315 sub
757 2287 891 2315 mensa
913 2275 1204 2323 effundebatur,
1236 2287 1351 2326 quam
1372 2275 1509 2326 aliquis

90 2329 131 2370 in
153 2330 248 2370 cella
268 2329 396 2370 habet.
444 2331 664 2382 phantasia,
698 2344 777 2371 non
808 2332 938 2371 homo.
989 2331 1185 2371 inclinatis
1215 2343 1370 2383 quoque
1391 2331 1509 2372 rebus

88 2386 191 2435 suis,
222 2398 310 2426 cum
339 2386 492 2426 timeret
522 2399 572 2426 ne
593 2387 804 2428 creditores
833 2388 941 2427 illum
973 2387 1208 2427 conturbare
1232 2387 1508 2436 existimarent,

203 2487 222 2519 2
248 2486 418 2529 eupateria
442 2485 621 2519 Reinesius
639 2486 651 2530 ΙΙ
669 2489 687 2521 3
722 2490 755 2520 et
787 2491 839 2520 est
862 2486 1019 2520 Roltdius
1037 2487 1048 2531 ΙΙ
1069 2488 1108 2522 12
1143 2486 1275 2520 credi-ae
1295 2486 1306 2532 ΙΙ
1326 2489 1366 2522 14
1391 2490 1424 2521 et
1449 2497 1508 2521 eos

93 2529 218 2564 culavit
242 2530 255 2574 11
281 2533 320 2564 15
346 2540 433 2574 quae
457 2535 535 2565 sunt
559 2532 722 2564 mutilata
747 2535 812 2565 aut
837 2543 881 2565 eoe
906 2537 1047 2575 quaestu
1073 2536 1240 2575 corrupta
1265 2532 1278 2576 ss
1304 2534 1346 2566 22
1376 2532 1509 2566 solebat

93 2574 180 2608 collo
203 2574 304 2609 modo
321 2575 334 2619 n
351 2576 393 2609 24
418 2578 532 2619 quom]
565 2576 735 2620 quomodo
752 2576 764 2619 ΙΙ
783 2578 824 2611 25
858 2577 885 2610 si
918 2587 985 2620 quo
1001 2576 1013 2621 ΙΙ
1033 2578 1075 2610 26
1107 2579 1230 2618 casam]
1264 2587 1339 2611 cum
1359 2577 1372 2622 n
1389 2579 1431 2611 36
1455 2578 1507 2611 vis

47 2666 50 2668 q
94 2629 207 2654 cocos:
232 2631 279 2654 an
303 2621 406 2665 hiem]
425 2623 466 2655 37
491 2622 675 2664 piscatores
700 2621 863 2655 Heinsius
