1728 2886
70 339 73 341 ,
128 306 181 363 ⁴90

143 590 181 623 91

144 771 182 805 92

144 1214 182 1248 93

145 1622 183 1655 95

147 1951 185 1985 97

147 2144 186 2177 98

214 137 296 177 172
822 124 1043 174 vA'RnoNJs

858 252 930 293 1111
953 254 1010 306 (3)

343 320 439 361 libet
458 333 522 361 me
543 321 837 373 epigrammatia
857 323 1000 370 faeere,
1023 327 1063 362 et
1078 322 1266 374 quoniam
1288 323 1447 364 nomina
1468 335 1549 364 non
1565 334 1702 369 mer*

212 378 322 428 mini,
345 378 451 430 quod
472 377 513 417 in
535 377 664 418 solum
684 378 780 418 mihi
800 379 964 427 venerit,
985 390 1132 431 ponam
1683 376 1685 379 ’

589 502 666 537 ΔΙΣ
700 502 881 537 ΠΑῙΔΕΣ
918 502 971 536 ΟῙ
1006 502 1272 538 ΓΕΡΟΝΤΕΣ

344 593 489 634 purum
510 587 650 634 putum
699 588 701 590 ’
947 579 949 582 ’

718 680 879 715 DOLlVM
903 680 992 715 AVT
1019 681 1145 715 SERIA

485 757 658 802 mundus
678 761 818 802 domus
839 767 898 802 est
917 764 1083 802 maxima
1103 762 1267 803 homulli

488 830 605 871 quam
626 818 802 871 quinque
825 818 989 859 altitono
1011 818 1166 870 agmine
1186 832 1308 860 zonae

486 875 664 928 cingunt,
686 888 756 928 per
777 887 893 927 quam
913 875 1057 916 limbus
1077 875 1206 928 pictus

486 932 547 972 his
567 945 636 972 sex
655 932 779 984 signis
800 932 1156 973 stellumicantibus

435 996 455 1029 5
484 989 584 1029 altus
604 989 646 1029 in
668 989 828 1041 obliquo
850 990 1009 1030 aethere
1029 989 1165 1030 Lunae

515 1045 626 1099 bigas
646 1052 823 1099 acceptat

782 1145 1080 1180 ECDEMETICVS

349 1205 576 1258 quadrigam

785 1284 930 1318 ERAT
936 1284 1086 1319 ΟΜΒΗ

775 1362 803 1384 π
811 1363 827 1384 ε
835 1363 855 1396 ρ
865 1353 878 1384 ἰ
902 1350 934 1384 θ
942 1364 963 1383 v
972 1362 994 1384 σ
1001 1364 1014 1384 ι
1024 1351 1054 1384 ὦ
1065 1364 1087 1385 ν

486 1483 598 1530 pater
619 1480 663 1517 ut
683 1489 825 1517 cruore
846 1420 991 1516 laxlreffl
1012 1489 1168 1517 ararum
1189 1479 1352 1529 aggeres

486 1621 525 1654 at
545 1613 648 1666 regis
669 1613 774 1654 ensis
794 1555 993 1665 sangtliiffie)
1007 1613 1170 1653 inbutas
1192 1613 1305 1664 nigro

871 1691 924 1731 ΠΙ
945 1692 1004 1743 (1)

489 1749 630 1790 Ludon
651 1749 779 1789 fluens
799 1748 874 1789 sub
896 1748 1083 1789 Sardibus
1103 1749 1248 1789 flumen
1271 1748 1360 1789 tulit

489 1819 642 1856 aurum,
664 1807 762 1846 later
783 1806 888 1858 quod
910 1806 1192 1858 conquadravit
1212 1806 1345 1859 regius

488 1941 557 1982 ubi
579 1942 643 1982 illa
664 1942 823 1994 phalera
844 1885 1020 1994 ςᾞῐιιῐξιῖζι
1042 1948 1159 1994 atque
1181 1941 1364 1994 ephippia

490 2006 529 2039 et
549 2011 657 2063 arma
678 1999 896 2052 margaritis
916 1999 1160 2039 candicantia

685 2148 769 2176 mea
790 2078 911 2188 igituir·
930 2079 1161 2175 ifficatombe
1182 2145 1280 2187 pura
1300 2135 1346 2174 ae
1366 2139 1463 2187 puta

331 2248 374 2281 90
399 2245 491 2289 ΝΡ
494 2248 593 2281 ,500
619 2247 835 2281 accusativus
859 2257 920 2291 pro
945 2246 1096 2290 genitivo
1117 2246 1123 2291 Ι
1145 2246 1388 2313 epigrammata
1412 2245 1479 2279 alii
1502 2245 1586 2279 libri

330 2293 372 2327 91
401 2291 533 2325 Gellius
558 2291 614 2326 Vll
639 2294 738 2333 5,10
1676 2311 1686 2319 ν

334 2339 377 2372 92
402 2338 538 2371 Probus
561 2337 669 2380 Verg.
694 2339 756 2373 ecl.
781 2339 812 2378 6,
837 2338 876 2372 31
913 2337 918 2381 Ι
951 2339 972 2372 2
996 2337 1159 2371 altitonae
1184 2337 1349 2380 fragmine
1372 2336 1466 2370 undo
1489 2335 1652 2380 Scaliger
1674 2367 1676 2371 .

218 2383 368 2426 quinque
393 2382 556 2417 altitonae
580 2383 667 2417 hanc
691 2362 858 2426 fragmine
1677 2381 1684 2415 ζ

332 2429 373 2462 93
403 2428 536 2462 Gellius
559 2428 694 2472 xlxrs,
729 2431 769 2464 17
803 2427 1001 2472 quadrigam
1033 2437 1174 2462 numero
1210 2426 1374 2471 singulari
1409 2426 1552 2470 dictam,
1587 2427 1680 2460 ubi

220 2473 305 2506 libri
320 2472 560 2508 Exdemeticus
1668 2489 1677 2497 -.

334 2520 377 2553 94
400 2518 542 2552 Nonius
561 2530 600 2563 p.
624 2520 692 2554 466
715 2519 830 2553 lavare
855 2521 888 2551 et
908 2529 943 2561 p.
970 2520 1037 2553 504
1059 2517 1144 2553 lavit
1175 2517 1180 2562 Ι
1213 2526 1372 2561 aggerem
1403 2517 1459 2551 vel
1488 2526 1650 2561 aggerum
1670 2558 1672 2563 y

216 2574 251 2606 p.
277 2565 343 2598 504
360 2563 372 2607 ΙΙ
391 2566 433 2599 95
458 2564 503 2598 Ν
527 2575 562 2608 Ρ.
589 2566 651 2599 521
678 2564 868 2608 imbueress
893 2566 936 2599 96
960 2564 1006 2600 Ν.
1026 2575 1063 2608 Ρ.
1090 2565 1150 2654 Ι131
1177 2563 1263 2597 later
1286 2566 1376 2606 etp.
1402 2564 1468 2598 520
1490 2562 1615 2597 lateres
1640 2561 1652 2608 Ι
1678 2582 1682 2599 1

219 2608 338 2651 religio
357 2620 395 2652 Ρ.
424 2611 485 2645 131
517 2609 530 2654 ΙΙ
557 2612 599 2644 97
625 2609 670 2644 N.
690 2621 728 2654 Ρ.
753 2611 819 2645 213
844 2619 915 2644 mar
940 2610 1061 2644 aritum
1093 2608 1349 2654 {gemmeaque
1369 2609 1531 2652 plerique
1555 2607 1650 2652 libri,
1676 2639 1679 2642 Δ

219 2664 352 2698 gemme
377 2657 480 2698 atque
504 2666 598 2688 unus
618 2656 623 2699 Ι
645 2655 816 2699 margariti
841 2668 909 2689 καν
934 2667 1079 2689 ικαντια
1096 2654 1109 2700 ΙΙ
1126 2656 1168 2690 98
1193 2653 1238 2688 Ν.
1259 2665 1295 2698 Ρ.
1322 2655 1363 2689 27
1388 2656 1491 2699 putus
1675 2666 1677 2671 ⁴
