1780 2892
257 141 310 179 14
868 141 1070 180 PETRONII

253 263 335 298 erat
355 263 491 309 operto
513 258 652 309 capite,
674 257 735 296 illa
755 257 903 298 scilicet
924 270 1023 309 quae
1040 257 1157 310 paulo
1173 262 1265 297 ante
1284 269 1374 296 cum
1394 257 1540 298 rustico
1559 263 1748 303 stete-Lo

251 320 329 362 rat,
367 320 405 353 et
439 317 513 353 ‘me
547 313 738 354 derisisse'
774 314 902 365 inquit
937 317 1017 354 ‘vos
1046 312 1269 366 putabatis?
1320 325 1393 364 ego
1423 326 1510 354 sum
1539 315 1680 357 ancilla

251 370 481 418 Quartillae,
513 370 624 410 cuius
652 383 720 410 vos
750 382 903 410 sacrum
934 376 1025 410 ante
1046 376 1220 423 cryptam
1241 370 1438 410 turbastis.
1483 383 1574 412 ecce
1595 371 1678 424 ipsa

248 427 353 466 venit
374 427 420 466 ad
440 426 633 468 stabulum
656 427 832 478 petitque
852 432 896 466 ut
916 427 1116 466 vobiscum
1146 427 1254 478 loqui
1281 426 1404 466 liceat.
1446 427 1566 469 nolite
1586 440 1678 480 per·—

247 483 408 522 turbari.
461 495 534 523 nec
555 488 710 523 accusat
730 495 904 523 errorem
926 490 1098 523 vestrum
1127 496 1201 523 nec
1232 483 1365 535 punit,
1397 483 1518 524 immo
1546 484 1676 537 potius
1704 495 1725 530 5

246 539 428 587 miratur,
460 539 546 591 quis
576 539 673 579 deus
701 539 861 579 iuvenes
890 545 967 579 tam
999 539 1173 580 urbanos
1194 540 1232 579 in
1255 552 1364 580 suam
1385 540 1588 591 regionem
1608 542 1674 582 de-

181 596 231 635 17
245 595 403 636 tulerit.'
452 596 670 637 tacentibus
691 596 816 636 adbuc
839 596 952 636 nobis
973 602 1011 636 et
1030 596 1076 635 ad
1105 602 1282 636 neutram
1303 602 1453 648 partem
1475 597 1675 638 adsensio-

247 665 336 691 nem
359 652 606 692 ssectentibus
637 653 793 691 intravit
812 653 914 704 ipsa,
946 660 1023 692 un'a
1052 653 1232 691 comitata
1253 653 1425 704 virgine,
1455 654 1675 706 sedensque

244 721 363 760 super
396 714 525 748 torum
558 721 686 749 meum
717 710 783 748 diu
813 709 926 748 ssevit.
976 721 1020 748 ac
1051 721 1101 748 ne
1132 715 1227 748 tunc
1258 710 1416 760 quidem
1446 723 1519 751 nos
1549 711 1673 752 ullum

242 765 453 805 adiecimus
474 765 648 813 verbum,
670 765 736 804 sed
758 765 911 804 attoniti
935 765 1221 816 expectavimus
1234 765 1412 806 lacrimas
1432 767 1478 807 ad
1500 772 1673 809 ostenta·
1701 777 1739 812 1ο

242 821 390 861 tionem
411 821 556 861 doloris
577 827 739 873 paratas.
778 827 823 860 ut
844 832 937 872 ergo
958 826 1035 860 tam
1066 821 1293 862 ambitiosus
1321 822 1514 865 detumuit
1533 824 1672 872 imber,

240 878 380 917 retexit
399 878 610 929 superbum
632 877 748 929 pallio
770 882 887 928 caput
907 882 945 916 et
964 877 1144 918 manibus
1170 878 1273 918 inter
1302 892 1344 919 se
1364 892 1493 932 usque
1510 880 1556 921 ad
1578 880 1671 922 arti-

240 934 416 973 culorum
437 934 642 985 strepitum
663 933 884 973 constrictis
906 936 1111 984 ‘quaenam
1128 934 1197 974 est’
1218 935 1347 987 inquit
1367 936 1475 977 ‘haec
1494 937 1670 988 audacia,

239 996 304 1029 aut
324 989 391 1029 uhi
412 990 560 1030 fabulas
581 990 693 1029 etiam
716 996 964 1030 antecessura
994 990 1195 1031 latrocinia
1224 991 1440 1033 didicistis?
1479 994 1669 1035 misereor

237 1047 388 1087 medius
416 1046 529 1086 fidius
556 1046 693 1095 vestri;
725 1059 853 1098 neque
885 1046 990 1086 enim
1020 1047 1181 1099 impune
1213 1049 1417 1101 quisquam
1449 1051 1554 1102 quod
1584 1063 1667 1093 non
1697 1058 1734 1094 15

236 1102 364 1151 licuit,
395 1103 582 1155 adspexit.
631 1103 766 1154 utiquc
788 1109 919 1143 nostra
941 1104 1048 1155 regio
1078 1110 1155 1143 tam
1176 1105 1451 1156 praesentibus
1470 1107 1586 1159 plena
1608 1113 1668 1148 est

236 1159 482 1208 numinibus,
513 1165 556 1199 ut
575 1159 725 1199 facilius
744 1160 870 1211 possis
890 1160 1006 1200 deum
1035 1173 1151 1212 quam
1172 1162 1371 1202 hominem
1391 1163 1582 1205 invenire.
1621 1177 1667 1205 ac

234 1228 284 1255 ne
313 1228 376 1255 me
406 1216 550 1268 putetis
579 1215 739 1256 ultionis
769 1228 884 1257 causa
914 1217 990 1256 huc
1019 1217 1195 1266 venisse,
1234 1225 1357 1260 aetate
1386 1219 1509 1272 magis
1538 1226 1666 1262 vestra

233 1284 480 1312 commoveor
501 1284 615 1324 quam
636 1272 778 1312 iniuria
799 1285 897 1312 mea.
938 1273 1210 1326 imprudentes
1231 1276 1333 1315 enim
1346 1305 1357 1323 ,
1379 1282 1422 1316 ut
1441 1277 1568 1318 adhuc
1587 1290 1664 1330 pu-

231 1334 292 1377 to,
324 1329 529 1369 admisistis
560 1329 794 1381 inexpiabile
826 1330 966 1370 scelus.
1007 1330 1091 1382 ipsa
1121 1331 1279 1382 quidem
1309 1332 1372 1372 illa
1394 1339 1509 1375 nocte
1530 1341 1663 1375 vexata
1690 1343 1728 1377 20

230 1391 306 1424 tam
328 1386 548 1437 periculoso
570 1386 746 1425 inhorrui
777 1386 943 1438 frigore,
974 1392 1017 1426 ut
1046 1388 1234 1427 tertianae
1266 1389 1380 1429 etiam
1402 1389 1591 1442 impetum
1612 1391 1660 1431 ti-

231 1453 370 1481 meam.
422 1447 460 1481 et
488 1442 575 1482 ideo
606 1442 836 1482 medicinam
867 1443 1019 1483 somnio
1050 1444 1145 1496 petii
1171 1444 1354 1497 iussaque
1374 1459 1461 1486 sum
1481 1459 1549 1488 vos
1568 1459 1659 1501 per-

231 1498 386 1549 quirere
416 1503 532 1550 atque
562 1498 751 1550 impetum
782 1499 910 1539 morbi
940 1506 1155 1540 monstrata
1185 1501 1395 1543 subtilitate
1415 1503 1550 1544 lenire.
1591 1505 1659 1545 sed

229 1554 276 1593 de
307 1554 479 1594 remedio
511 1568 591 1594 non
624 1561 701 1595 tam
731 1556 839 1595 valde
870 1556 1028 1604 laboro;
1059 1558 1183 1597 maior
1212 1558 1316 1598 enim
1348 1559 1388 1599 in
1419 1561 1658 1612 praecordiis

229 1609 343 1650 dolor
363 1611 501 1659 saevit,
533 1611 598 1663 qui
630 1624 692 1651 me
722 1624 846 1664 usque
877 1613 923 1652 ad
952 1614 1220 1654 necessitatem
1242 1616 1379 1656 mortis
1399 1616 1574 1666 deducit,
1606 1630 1657 1659 ne
1686 1627 1724 1661 25

224 1667 375 1707 scilicet
405 1667 562 1707 iuvenili
593 1668 748 1721 impulsi
779 1669 935 1709 licentia
966 1670 1071 1722 quod
1102 1670 1141 1710 in
1173 1671 1313 1712 sacello
1339 1672 1469 1726 Priapi
1497 1674 1655 1723 vidistis,

224 1723 390 1774 vulgetis
420 1724 662 1776 deorumque
693 1725 854 1766 consilia
885 1727 1093 1778 proferatis
1127 1727 1167 1767 in
1198 1729 1400 1782 populum.
1459 1731 1654 1783 protendo

222 1780 342 1832 igitur
362 1779 408 1819 ad
431 1792 560 1831 genua
581 1786 707 1820 vestra
726 1782 885 1834 supinas
906 1795 1047 1823 manus
1063 1789 1233 1836 petoque
1255 1791 1293 1824 et
1314 1798 1396 1835 oro,
1418 1799 1468 1827 ne
1491 1793 1653 1830 noctur-

223 1848 293 1876 nas
314 1836 523 1888 religiones
544 1837 672 1876 iocum
694 1838 895 1890 risumque
917 1840 1085 1889 faciatis,
1107 1853 1206 1880 neve
1226 1843 1431 1883 traducere
1451 1843 1576 1884 velitis
1595 1849 1652 1885 tot

221 1905 416 1932 annorum
438 1900 599 1940 secreta,
622 1907 720 1946 quae
742 1895 801 1934 vix
823 1896 927 1936 mille
948 1896 1129 1937 homines
1150 1898 1374 1938 noverunt.'
1679 1909 1718 1943 30

155 1948 206 1990 18
333 1950 550 1989 secundum
571 1950 673 1990 hanc
696 1951 1012 2003 deprecationem
1042 1953 1221 1994 lacrimas
1251 1966 1388 1996 rursus
1418 1955 1554 1996 effudit
1581 1969 1649 2010 ge·
1772 1955 1780 1978 ³

219 2005 457 2057 mitibusque
487 2006 603 2057 largis
634 2019 824 2048 concussa
854 2014 935 2049 tota
964 2009 1061 2050 facie
1093 2022 1138 2050 ac
1167 2016 1328 2063 pectore
1358 2018 1489 2052 torum
1517 2025 1649 2054 meum

218 2062 370 2114 pressit.
421 2074 492 2113 ego
524 2064 660 2103 eodem
689 2069 867 2116 tempore
898 2071 937 2106 et
966 2066 1231 2107 misericordia
1262 2068 1444 2109 turbatus
1469 2073 1509 2109 et
1526 2075 1647 2119 metu,

218 2119 365 2158 bonum
397 2119 569 2158 animum
599 2120 741 2161 habere
772 2134 855 2161 eam
886 2122 979 2162 iussi
1011 2128 1049 2162 et
1078 2123 1125 2163 de
1152 2129 1321 2177 utroque
1342 2137 1426 2166 esse
1446 2137 1645 2166 securam:

219 2187 307 2214 nam
340 2187 467 2226 neque
497 2187 604 2215 sacra
635 2189 869 2229 quemquam
889 2179 1156 2230 vulgaturum,
1189 2186 1227 2221 et
1255 2181 1287 2221 si
1309 2182 1413 2233 quod
1443 2188 1647 2235 praeterea
1673 2191 1713 2225 35

218 2231 319 2270 aliud
348 2231 563 2272 remedium
593 2233 641 2272 ad
672 2234 876 2274 tertianam
917 2235 1014 2276 deus
1042 2236 1095 2276 illi
1130 2243 1405 2287 monstrasset,
1444 2239 1645 2280 adiuvatu-

217 2299 282 2327 ros
303 2301 375 2327 nos
395 2288 562 2327 divinam
583 2290 866 2340 providentiam
888 2292 947 2332 vel
978 2293 1152 2344 periculo
1185 2301 1333 2335 nostro.
1376 2295 1535 2336 hilarior
1554 2301 1645 2348 post

216 2343 318 2383 hanc
337 2344 655 2395 pollicitationem
676 2347 776 2387 facta
796 2348 937 2388 mulier
965 2349 1123 2390 basiavit
1153 2362 1215 2390 me
1244 2351 1430 2403 spissius,
1460 2357 1500 2393 et
1520 2365 1567 2393 ex
1587 2352 1642 2393 la-

329 2455 346 2488 1
373 2454 430 2487 illa
443 2473 486 2479 —
500 2458 640 2490 steterat
657 2460 828 2500 tanquam
840 2469 897 2493 eat.
909 2470 944 2502 p.
962 2461 1013 2502 12,
1032 2462 1075 2495 34
1087 2461 1177 2494 male
1189 2464 1342 2505 repetita
1355 2463 1534 2497 Iacobu'us
1545 2463 1638 2497 dam-

214 2499 323 2532 nabat
338 2498 351 2542 ΙΙ
367 2500 387 2532 3
406 2509 534 2533 sacram
554 2501 580 2533 0
599 2500 611 2546 ΙΙ
628 2504 645 2535 ’1
673 2506 786 2536 autem
811 2503 921 2537 adbuc
937 2506 994 2539 vel
1016 2505 1127 2539 adhuc
1151 2509 1264 2542 autem
1291 2508 1374 2541 libri
1397 2509 1538 2552 aliquot
1554 2507 1562 2553 Ι
1581 2507 1640 2543 ad·

214 2545 438 2578 sentationem
463 2546 475 2587 u
505 2547 543 2579 10
577 2547 804 2589 spectavimus
837 2548 1031 2583 Sambucus
1055 2551 1067 2594 ΙΙ
1095 2553 1130 2585 11
1171 2555 1209 2586 ut
1243 2562 1323 2586 vero
1360 2552 1390 2586 L
1418 2553 1424 2597 Ι
1450 2553 1643 2598 detonuit!

215 2590 257 2623 20
284 2589 372 2622 curis
396 2592 460 2623 aut
484 2590 661 2625 insomniis
686 2595 851 2626 omissum
872 2597 961 2636 puto
986 2598 1067 2628 ante
1097 2600 1219 2631 vexata
1245 2597 1257 2641 ΙΙ
1284 2599 1326 2633 22
1351 2608 1470 2634 somno
1488 2598 1502 2643 ΙΙ
1519 2599 1562 2634 23
1585 2608 1641 2634 sa-

213 2633 376 2668 lubritate
401 2635 565 2668 Heinsius
583 2636 595 2679 ΙΙ
613 2638 654 2671 26
679 2637 827 2681 impulsu
851 2638 1024 2674 licentiam
1052 2641 1079 2673 0
