1728 2886
645 126 831 161 SATIRAE
1403 128 1455 165 45

18 245 201 292 sugens,
224 240 326 291 quod
349 240 388 279 in
410 241 511 280 collo
531 240 710 287 habebat,
732 242 900 294 applicat
920 255 961 282 se
982 242 1036 282 illi
1058 248 1157 291 toro,
1179 243 1218 282 in
1242 255 1320 294 quo
1342 243 1456 283 Scin-

22 295 106 347 filla
137 296 338 336 Habinnae
369 297 637 337 discumbebat
666 310 788 346 uxor⁷
824 299 1075 350 osculataque
1104 299 1355 351 plaudentem
1385 304 1455 339 ‘est

16 352 80 398 ια’
98 353 226 404 inquit
247 353 388 392 ‘videre
399 351 431 392 ‘3‘

22 444 23 449 ,
139 421 186 448 eo
207 410 347 449 deinde
369 416 598 461 perventum
619 417 696 458 est,
728 417 771 449 ut
791 410 1005 451 Fortunata
1035 413 1202 452 armillas
1232 425 1322 452 suas
1351 424 1456 452 cras-

23 465 184 511 sissimis
214 467 435 506 detraheret
462 467 616 507 lacertis
637 467 913 519 Scintillaeque
941 469 1099 508 miranti
1120 470 1355 509 ostenderet.
1396 469 1455 508 ul-

28 522 122 565 timo
143 523 259 562 etiam
290 523 538 575 periscelides
567 523 726 563 resolvit
753 530 793 563 et
822 524 1029 564 reticulum
1051 538 1235 574 aureum,
1268 538 1384 577 quem
1406 538 1455 565 ex

20 578 192 621 ,obrussa
223 592 308 620 esse
337 579 502 619 dicebat.
544 580 690 620 notavit
718 581 813 620 haec
835 580 1070 621 Trimalchio
1101 582 1291 633 iussitque
1322 582 1455 622 afferri

19 636 159 689 'omnia
190 643 229 676 et
258 635 417 676 ‘videtis'
448 636 576 688 inquit
606 636 792 676 ‘mulieris
821 637 1055 689 compedes:
1085 638 1140 678 sic
1173 651 1245 678 nos
1277 638 1455 678 barcalae

26 691 300 744 despoliamur.
341 705 407 733 sex
437 692 569 745 pondo
591 699 630 733 et
650 693 832 733 selibram
853 693 969 734 debet
997 694 1153 735 habere.
1205 702 1244 734 et
1278 695 1361 747 ipse
1392 696 1454 735 ni—

25 747 105 788 hilo
125 749 256 789 minus
275 748 399 789 habeo
430 749 565 789 decem
595 749 729 801 pondo
758 750 947 790 armillam
969 764 1016 790 ex
1037 751 1250 791 millesimis
1272 752 1454 792 Mercurii

26 801 190 845 factam&
231 805 367 845 ultimo
398 806 535 854 etiam,
567 819 616 845 ne
638 807 794 846 mentiri
814 807 1030 856 videretur,
1062 814 1246 848 stateram
1266 808 1378 848 iussit
1398 810 1454 848 as-

26 861 119 901 sei-ri
139 868 178 901 et
193 862 464 902 circumlatum
482 863 690 914 approbari
707 863 874 914 pondus.
906 876 979 903 nec
995 864 1134 904 melior
1150 865 1339 910 Scintilla,
1358 878 1456 917 quae

25 917 73 957 de
102 918 251 958 cervice
281 931 350 957 sua
380 919 585 971 capsellam
615 919 783 958 detraxit
812 920 1030 968 aureolam,
1070 933 1185 972 quam
1215 921 1455 962 Felicionem

25 974 255 1027 appellabat.
296 975 387 1013 inde
424 975 501 1014 duo
540 975 700 1014 crotalia
731 976 896 1027 protulit
926 983 964 1015 et
994 977 1231 1017 Fortunatae
1262 978 1302 1017 in
1333 979 1456 1018 vicem

26 1030 308 1071 consideranda
329 1031 434 1070 dedit
455 1038 494 1071 et
515 1031 688 1071 ‘domini’
719 1032 848 1083 inquit
869 1034 957 1072 ‘mei
988 1033 1180 1073 beneficio
1203 1047 1319 1074 nemo
1340 1035 1457 1075 habet

25 1087 209 1130 meliora’.
245 1087 351 1138 ‘quid
362 1086 393 1126 ·?’
414 1087 541 1139 inquit
561 1087 762 1128 Habinnas
782 1089 1077 1130 ‘excatarissasti
1098 1103 1173 1138 me,
1195 1097 1239 1129 ut
1258 1090 1328 1130 tibi
1349 1104 1454 1131 eme-

25 1155 108 1184 rem
127 1143 252 1184 fabam
273 1143 446 1183 vitream.
486 1144 602 1196 plane
622 1145 654 1184 si
675 1145 792 1184 filiam
812 1145 998 1185 haberem
1011 1177 1020 1194 ‚
1051 1147 1245 1187 auriculas
1265 1147 1319 1187 illi
1340 1160 1455 1199 prae-

19 1199 206 1241 ciderem.
247 1200 429 1240 mulieres
458 1201 490 1240 si
522 1213 601 1240 non
634 1208 784 1249 essent,
823 1202 953 1241 omnia
983 1215 1055 1254 pro
1086 1203 1168 1243 luto
1200 1203 1454 1253 haberemus3

26 1269 134 1297 nunc
153 1257 229 1297 hoc
249 1263 308 1297 est
327 1257 480 1296 caldum
500 1257 645 1297 meiere
667 1264 704 1297 et
724 1258 906 1310 frigidum
927 1259 1091 1311 potare.’

136 1313 291 1354 interim
312 1313 495 1354 mulieres
515 1314 667 1354 sauciae
690 1315 792 1354 inter
812 1328 854 1355 se
882 1315 1055 1356 riserunt
1085 1315 1295 1368 ebriaeque
1316 1317 1455 1357 iunxe-
1484 1361 1487 1365 ,

26 1376 119 1410 runt
139 1369 283 1418 oscula,
313 1370 406 1410 dum
427 1370 543 1410 altera
564 1370 804 1423 diligentiam
835 1372 968 1412 matris
998 1373 1164 1412 familiae
1185 1373 1312 1420 iactat,
1335 1374 1453 1413 altera

25 1425 180 1466 delicias
209 1433 248 1466 et
277 1426 556 1478 indiligentiam
587 1428 670 1466 viri.
711 1428 884 1479 dumque
913 1429 970 1468 sic
989 1429 1223 1478 cohaerent,
1254 1430 1455 1470 Habinnas

25 1483 159 1522 furtim
180 1484 428 1523 consurrexit
448 1483 646 1535 pedesque
668 1484 903 1524 Fortunatae
934 1492 1138 1538 correptos
1169 1499 1290 1539 super
1309 1487 1452 1526 lectum

26 1539 194 1580 immisit.
236 1543 296 1579 ‘au
329 1539 389 1579 au’
418 1539 481 1579 illa
510 1540 763 1591 proclamavit
792 1540 999 1581 aberrante
1018 1542 1152 1582 tunica
1172 1555 1292 1595 super
1311 1555 1452 1595 genua.

26 1596 241 1648 composita
273 1607 364 1648 ergo
398 1596 437 1635 in
469 1597 618 1648 gremio
650 1597 848 1637 Scintillae
879 1597 1189 1639 incensissimam
1219 1600 1366 1640 rubore
1396 1601 1453 1640 sa-

26 1651 126 1692 ciem
148 1652 303 1692 sudario
324 1651 540 1692 abscondit.

26 1765 201 1806 iussisset
230 1765 379 1812 afferri,
409 1765 655 1805 sustulerunt
683 1766 783 1806 servi
806 1779 944 1806 omnes
964 1779 1122 1807 mensas
1143 1775 1181 1807 et
1201 1768 1294 1808 alias
1314 1769 1454 1808 attule-

25 1826 137 1870 runt,
167 1821 405 1873 scobemque
435 1834 552 1862 croco
583 1828 622 1861 et
650 1822 772 1862 minio
803 1823 963 1862 tinctam
994 1830 1224 1876 sparserunt
1253 1831 1310 1874 et,
1349 1826 1453 1877 quod

26 1889 228 1930 nunquam
257 1884 349 1917 ante
381 1877 567 1926 videram,
608 1890 654 1918 ex
696 1879 822 1930 lapide
852 1880 1046 1931 speculari
1076 1881 1276 1933 pulverem
1306 1882 1454 1922 tritum.

25 1933 151 1975 statim
180 1934 415 1974 Trimalchio
445 1939 632 1987 ‘poteram
674 1935 842 1987 quidem’
881 1936 1010 1988 inquit
1048 1937 1138 1977 ‘hoc
1175 1938 1338 1978 fericulo
1370 1951 1454 1979 esse

27 1996 255 2040 nomentum
284 1991 476 2031 secundas
505 1991 611 2031 enim
641 2004 798 2032 mensas
818 1992 982 2032 habetis.
1021 1994 1087 2034 sed
1105 1994 1137 2034 si
1158 1994 1249 2046 quid
1272 1995 1364 2035 belli
1385 1995 1454 2035 ha-

26 2046 110 2095 bes,
128 2046 248 2087 affer’.

137 2103 292 2143 interim
312 2116 413 2156 puer
432 2103 738 2152 Alexandrinus,
770 2104 836 2155 qui
863 2105 1009 2145 caldam
1041 2106 1305 2155 ministrabat,
1337 2107 1454 2148 lusci-

29 2158 111 2200 nias
130 2161 259 2213 coepit
278 2160 419 2200 imitari
440 2161 633 2200 clamante
654 2161 943 2201 Trimalchione
963 2162 1151 2202 subinde:
1175 2163 1319 2203 ‘muta’.
1360 2176 1452 2204 ecce

26 2215 123 2263 alius
141 2216 269 2257 ludus.
309 2229 443 2257 servus
464 2218 530 2268 qui
550 2218 596 2256 ad
618 2218 738 2269 pedes
759 2216 963 2258 Habinnae
983 2218 1154 2267 sedehat,
1187 2220 1334 2268 iussus,
1366 2233 1453 2260 cre-

25 2271 89 2320 do,
109 2285 131 2312 a
150 2273 308 2313 domino
329 2286 400 2314 suo
421 2273 672 2325 proclamavit
692 2273 821 2314 subito
843 2287 986 2315 canora
1006 2288 1120 2315 voce:

128 2374 131 2375 ⁷
225 2330 386 2370 ‘interea
408 2330 577 2370 medium
599 2331 750 2371 Aeneas
771 2331 846 2370 iam
867 2331 988 2372 classe
1009 2331 1192 2371 tenebat!

27 2383 156 2426 nultus
175 2398 298 2426 sonus
327 2399 499 2438 unquam
530 2387 676 2427 acidior
705 2387 900 2439 percussit
928 2401 1042 2428 aures
1071 2400 1196 2438 meas3
1227 2400 1318 2428 nam
1338 2401 1451 2441 prae-

25 2447 88 2481 ter
114 2443 280 2489 errantis
310 2443 510 2483 barbariae
540 2450 607 2484 aut
636 2443 829 2484 adiectum
869 2451 937 2484 aut
966 2445 1211 2484 deminutum
1243 2445 1450 2486 clamorem

136 2531 160 2564 4
182 2531 408 2565 crassissimas
434 2531 634 2573 Schefferus
662 2532 674 2575 ΙΙ
706 2533 747 2567 12
773 2532 971 2566 circulatum
997 2532 1010 2577 ΙΙ
1038 2535 1080 2567 20
1105 2533 1218 2567 sociae
1245 2533 1452 2568 Studemun-

28 2571 94 2608 due
118 2573 134 2618 Ι
156 2576 198 2609 23
223 2576 434 2620 correctos-n
458 2578 500 2611 25
524 2577 683 2611 indecens
708 2577 807 2611 imam
826 2577 839 2621 ΙΙ
861 2579 903 2613 29
929 2579 1152 2623 scrobemque
1177 2579 1189 2623 ΙΙ
1213 2581 1256 2614 40
1280 2580 1451 2614 recitantis

29 2616 166 2654 borbore
193 2620 356 2654 Heinsius

138 1709 371 1760 interposito
401 1708 542 1748 deinde
571 1709 695 1761 spatio
717 1721 806 1749 cum
828 1711 1019 1750 secundas
1039 1723 1197 1752 mensas
1218 1711 1452 1752 Trimalchio
1469 1710 1523 1752 68
