1728 2886
144 603 151 607 ’
210 620 651 673 SATIRARVM
687 615 1023 673 ALIARVM
1054 619 1630 674 MILESIARVMVE

776 722 1069 775 INDICIA

917 880 930 918 Ι

327 959 530 999 Suetonius
550 960 592 999 de
611 962 871 1011 yrammalicis
897 957 967 998 15.-
990 959 1167 998 Lenaeus
1186 959 1313 1009 Magni
1333 959 1491 1010 Pompei
1513 958 1631 998 liber-

212 1024 275 1057 tus
293 1046 301 1054 .
319 1047 327 1055 .
347 1046 356 1054 .
374 1022 482 1055 tanto
503 1029 634 1055 amore
655 1028 745 1067 erga
767 1015 920 1067 patroni
942 1015 1168 1053 memoriam
1190 1015 1326 1062 extitit,
1349 1022 1391 1054 ut
1407 1015 1630 1055 Sallustium

213 1073 452 1120 historicum,
474 1073 580 1124 quod
601 1085 690 1112 eum
712 1073 790 1112 oris
812 1071 938 1123 probi,
960 1071 1090 1110 animo
1112 1071 1376 1111 inverecundo
1398 1072 1631 1123 scripsisset,

212 1129 461 1169 acerbissima
491 1135 618 1169 satura
654 1129 897 1174 laceraverit,
936 1129 1149 1168 lastaurum
1180 1134 1217 1166 et
1256 1124 1460 1167 lurconem
1492 1135 1532 1167 et
1562 1142 1630 1167 ne-

212 1187 397 1226 bulonem
419 1186 740 1238 popinonemque
769 1184 971 1237 appellans
1000 1191 1038 1224 et
1067 1184 1141 1223 vita
1171 1184 1404 1236 scriptisque
1435 1191 1630 1224 monstro-

212 1255 321 1290 sum,
362 1249 560 1294 praeterea
592 1243 810 1295 priscorum
842 1242 999 1281 Catonis
1038 1241 1244 1280 verborum
1285 1241 1631 1282 ineruditissimum

213 1302 351 1339 furem.
591 1296 593 1298 ’

886 1354 951 1394 ll*

327 1434 546 1486 Fulyencius
576 1438 618 1474 in
647 1437 880 1487 expositione
908 1448 1129 1475 sermonum
1158 1436 1275 1486 antiq.
1302 1447 1342 1485 p.
1364 1424 1460 1480 562,
1491 1431 1546 1473 29
1568 1433 1612 1472 M
1619 1447 1630 1473 .·

215 1492 263 1531 Μ.
283 1493 480 1531 Cornutus
502 1493 539 1531 in
563 1492 677 1531 satira
700 1492 755 1531 sic
777 1492 828 1530 ait
849 1492 1057 1539 ‘titivilicia‚
1081 1491 1229 1539 Flacce,
1250 1492 1299 1530 do
1323 1490 1416 1529 tibi'.

885 1591 971 1631 111*

328 1674 423 1712 idem
449 1686 488 1724 p.
509 1670 604 1718 564,
625 1671 676 1711 21
689 1685 699 1711 .·
731 1672 871 1711 Gavius
893 1672 1033 1711 Bassus
1053 1672 1091 1710 in
1123 1671 1249 1710 satiris
1269 1671 1321 1711 ait
1342 1673 1514 1713 ‘veruina
1534 1686 1631 1713 con-

215 1731 409 1776 fodiende,
431 1742 511 1768 non
535 1736 571 1767 te
595 1730 707 1768 nauci
730 1729 852 1768 l'acio'.

891 1830 959 1868 llll

329 1909 452 1950 Iulius
473 1910 707 1962 Capitolinus
721 1914 761 1948 in
776 1911 856 1948 vica
870 1909 995 1948 Clodii
1008 1908 1135 1948 Albim·
1149 1909 1256 1948 domo
1273 1908 1546 1949 Hadrumelim'
1557 1910 1606 1950 11
1619 1924 1630 1950 .·

217 1966 382 2006 Milesias
406 1966 583 2005 nonnulli
606 1966 777 2005 eiusdem
800 1979 883 2005 esse
903 1966 1051 2011 dicunt,
1074 1978 1238 2016 (piarum
1256 1966 1354 2005 fama
1377 1979 1455 2007 non
1478 1967 1632 2018 ignobi-

217 2023 263 2062 lis
285 2024 466 2070 habetur,
498 2023 672 2074 ‹pnamvis
699 2022 947 2061 mediocriter
976 2022 1142 2074 scriptae
1163 2022 1252 2062 sint.
1280 2036 1283 2039 ’
1303 2023 1432 2063 deinde
1453 2026 1495 2062 in
1515 2027 1633 2076 capite

221 2078 276 2119 12
292 2080 360 2119 ubi
379 2079 510 2119 Severi
528 2081 698 2131 refertur
717 2080 768 2119 ad
785 2086 959 2118 senatum
988 2078 1146 2131 epistula
1165 2079 1209 2118 de
1229 2080 1378 2120 eodem:
1408 2080 1531 2119 maior
1561 2080 1634 2120 fuit

217 2137 330 2176 dolor
360 2137 462 2188 quod
484 2136 590 2175 illum
613 2150 683 2188 pro
715 2136 866 2175 literato
889 2135 1120 2174 laudandum
1145 2136 1320 2187 plerique
1340 2137 1513 2185 duxistis,
1543 2150 1632 2177 cum

218 2194 281 2232 ille
303 2193 452 2232 naeniis
477 2194 708 2244 quibusdam
730 2193 897 2232 anilibus
925 2199 1136 2243 occupatus
1157 2192 1260 2231 inter
1281 2193 1446 2233 Milesias
1467 2194 1633 2234 Punicas

217 2250 354 2301 Apulei
376 2250 434 2290 sui
457 2256 495 2288 et
515 2251 661 2289 ludicra
683 2250 850 2289 literaria
872 2257 1184 2289 consenesceret.

330 2361 339 2393 l
355 2363 470 2402 polest
486 2361 626 2403 quidem
648 2360 830 2393 Luciliano
849 2361 1053 2394 charactere
1076 2363 1200 2393 salum
1217 2361 1325 2400 fuisse
1340 2362 1433 2394 sicul
1448 2361 1511 2394 illa
1529 2372 1635 2404 quam

220 2406 366 2439 Saeoins
390 2406 550 2438 Nicanor·
578 2408 787 2448 scripserat,
814 2408 1025 2449 praesertim
1058 2416 1136 2438 eum
1160 2407 1364 2439 lzeoeametro
1387 2405 1496 2445 facile
1514 2409 1635 2450 prima

222 2453 324 2483 verba
341 2455 509 2493 aptentur
535 2451 700 2484 las-taurus
727 2451 818 2485 lurco
844 2451 967 2484 nebulo
995 2452 1168 2495 turpisque
1186 2451 1323 2495 popino.
1363 2452 1636 2495 atprobabilius

220 2498 383 2540 cynicum
405 2499 559 2530 statum-0
583 2499 671 2529 mihi
697 2497 817 2530 videor
836 2498 979 2538 generis
996 2497 1031 2529 V
1029 2498 1228 2531 art-anetam.
1269 2495 1393 2536 confer
1416 2499 1635 2542 epigramma

220 2543 262 2574 de
284 2542 395 2581 furtis
420 2543 583 2575 Sallustii
607 2544 756 2575 relatum
787 2554 807 2574 a
835 2542 1055 2584 Qulntile'auo
1082 2542 1166 2575 VIII
1189 2544 1221 2584 3,
1245 2543 1290 2576 29
1312 2543 1324 2586 ΙΙ
1347 2543 1373 2576 ll
1396 2546 1430 2576 et
1452 2543 1492 2576 ΙΙΙ
1516 2554 1636 2586 quam-

222 2589 271 2618 vis
296 2591 414 2630 aperte
438 2587 539 2629 ficta,
568 2591 768 2621 monstrant
792 2591 908 2621 lamen
934 2589 996 2622 illa
1020 2591 1118 2621 aetas
1143 2589 1231 2631 quid
1252 2587 1328 2628 fere
1351 2589 1394 2621 de
1417 2591 1550 2623 saturis
1573 2599 1635 2623 an·

221 2635 329 2678 liquis
353 2635 613 2668 emiseimaverit

1299 2691 1367 2728 16*
