1728 2886
112 346 168 379 531

113 516 170 549 532

110 766 167 799 533

111 902 169 935 534

110 1084 169 1116 585

110 1277 167 1311 536

115 1471 171 1504 537

118 1664 173 1697 538

109 1834 167 1867 539

113 2210 171 2241 540

1105 99 1282 120 ffi-

199 167 280 206 218
802 170 1021 207 VARRONIS

817 285 903 325 XVI
924 287 1010 336 (20)

340 340 380 379 in
402 341 623 393 pavimento
654 354 735 382 non
767 342 887 383 audes
917 344 1044 383 facere
1065 343 1264 392 lacunam,
1286 350 1325 384 at
1345 344 1385 385 in
1407 346 1529 387 humu
1550 347 1628 387 cal-

202 409 266 437 ces
290 397 384 437 facis
406 398 529 438 elixos

810 456 913 496 XVII

341 510 408 550 sed
438 523 537 563 quae
558 512 772 553 necessitas
799 520 838 552 te
859 458 1129 565 iubglabuam
1162 514 1366 554 effundere
1386 514 1492 555 domi
1511 514 1629 556 tuae?

199 567 231 607 si
252 579 339 607 vasa
361 567 481 608 habes
502 574 674 620 pertusa,
696 569 902 621 plumbum
925 583 1006 610 non
1030 569 1180 610 hahes?
1221 570 1269 610 ad
1298 582 1415 623 quam
1444 583 1528 611 rem
1558 584 1629 612 no-

199 623 258 664 bis
280 630 338 664 est
361 625 613 673 confluvium,
636 626 683 665 ad
706 638 822 678 quam
845 639 934 666 rem·
951 626 1185 667 urnarium?

338 758 624 815 λιθόστρωτα
647 705 930 813 ρᾶνίῐηθιξίῐζᾞ
944 707 1114 815 ἷξὲῗίἒῑθε
1134 763 1373 803 incrustatos

795 841 935 880 xvun
957 843 1044 893 (19)

338 897 600 950 περιέχοντα
628 898 731 937 varia
762 898 855 937 mihi
876 899 995 939 facies
1017 899 1265 939 maeandrata
1286 905 1325 939 et
1346 899 1551 948 vinculata,
1572 906 1631 939 at·

199 964 276 1004 que
298 953 411 992 etiam
434 953 622 1005 adpinges
644 955 780 994 orbem
803 962 928 994 terrae

341 1091 422 1117 non
455 1078 559 1118 vides
590 1078 630 1118 in
670 1022 959 1131 publicoxgbtfia2
962 1024 1181 1129 2t)abe1·nas‚
1203 1093 1280 1133 qua
1300 1081 1470 1134 populus
1490 1081 1628 1122 ambu-

198 1133 315 1174 lando
338 1135 505 1187 proinde
526 1143 569 1175 ut
590 1136 629 1175 in
653 1143 761 1176 arato
782 1149 922 1189 porcas
944 1137 1069 1177 reddit

818 1215 904 1255 xxi
925 1217 1011 1266 (23)

338 1284 418 1311 non
442 1272 547 1312 vides
568 1271 608 1311 in
630 1272 783 1324 magnis
804 1273 1033 1325 peristyliis,
1065 1274 1132 1325 qui
1154 1279 1310 1325 cryptas
1331 1273 1436 1314 domi
1458 1287 1540 1314 non
1562 1275 1630 1314 ha·

199 1327 307 1375 bem,
323 1328 502 1369 sabulum
519 1329 644 1368 iacere
661 1329 852 1380 apariete,
869 1330 989 1369 autin
1007 1331 1139 1382 xystis,
1157 1330 1223 1369 ubi
1239 1329 1438 1370 ambulare
1449 1329 1629 1384 possint?
1692 1350 1702 1376 ς

810 1408 916 1447 XXII
955 1410 1007 1450 24

341 1465 436 1504 haec
457 1465 581 1505 Numa
612 1464 827 1517 Pompilius
858 1410 951 1504 fieri(
974 1409 1023 1504 si)
1035 1465 1202 1511 videret,
1233 1466 1348 1506 sciret
1377 1479 1539 1507 suorum
1568 1467 1629 1507 in·

198 1521 423 1561 stitutorum
446 1534 519 1561 nec
541 1522 665 1561 volam
692 1534 764 1561 nec
786 1521 987 1573 vestigium
1010 1534 1198 1574 apparere
1690 1525 1706 1542 ³*

798 1600 921 1640 xxm
944 1602 1029 1651 (10)

347 1658 466 1697 nihilo
496 1657 620 1709 magis
649 1657 777 1697 dicere
808 1657 1000 1697 muliebre
1039 1669 1154 1710 quam
1191 1657 1239 1697 de
1276 1657 1458 1698 muliebri
1488 1658 1626 1698 ricinio

199 1714 358 1766 pallium
382 1715 547 1767 simplex

804 1770 946 1810 XXIIII
967 1772 1024 1822 (3)

338 1828 473 1868 saltem
503 1827 683 1868 infernus
712 1827 912 1875 tenebri0‚
951 1824 1084 1876 ’κακὸς
1113 1825 1304 1881 δαίμων,
1344 1834 1460 1879 atque
1490 1826 1628 1867 habeat
1686 1855 1687 1858 η

198 1885 380 1925 homines
401 1885 600 1932 sollicitos,
625 1885 727 1936 quod
751 1897 839 1924 eum
862 1885 974 1936 peius
996 1884 1207 1924 formidant
1229 1897 1344 1936 quam
1366 1884 1462 1925 fullo
1483 1884 1628 1925 ululam

746 2007 1078 2042 TESTAMENTVM

731 2078 835 2119 περὶ
859 2072 1099 2118 διαθηκῶν

874 2144 889 2183 Ι
911 2145 967 2194 (1)

568 2204 623 2241 sic
644 2201 708 2240 ille
731 2201 884 2253 puellus
906 2201 1071 2240 Veneris
1093 2207 1256 2253 repente
1278 2201 1389 2241 Adon

461 2259 602 2298 cecidit
622 2264 812 2298 cruentus
833 2258 925 2297 olim

290 2371 353 2404 531
379 2369 424 2403 N.
444 2380 481 2412 p.
506 2371 549 2404 48
575 2369 699 2403 elixum
725 2373 759 2402 et
778 2380 813 2413 p.
839 2370 903 2404 488
928 2369 1032 2402 humu
1059 2368 1064 2411 l
1086 2368 1219 2402 calceos
1267 2378 1353 2401 aene
1375 2377 1492 2401 omnes
1518 2367 1530 2411 ΙΙ
1560 2368 1626 2403 532
1676 2371 1710 2408 ζμ·

198 2414 244 2450 Ν.
259 2426 293 2458 p.
310 2417 376 2449 544
400 2416 569 2449 urnarium
587 2414 600 2459 ΙΙ
618 2415 682 2450 533
696 2414 741 2449 Ν.
754 2426 792 2458 p.
809 2416 871 2449 129
886 2414 1108 2448 incrustatum
1125 2413 1138 2458 ΙΙ
1156 2415 1222 2448 534
1271 2439 1279 2447 .
1292 2424 1328 2456 p.
1344 2414 1408 2448 140
1425 2412 1625 2457 maeander}
1681 2416 1713 2457 52⁶2]

198 2470 413 2503 περιεχοντα
434 2473 519 2505 (nav
543 2461 623 2494 mihi
645 2461 650 2502 Ι
671 2461 756 2494 adeo
781 2461 877 2504 iuges
894 2459 907 2504 ΙΙ
926 2460 991 2494 535
1013 2458 1057 2493 Ν.
1066 2469 1104 2502 p.
1121 2460 1184 2494 152
1209 2468 1328 2503 porcas
1347 2459 1354 2501 l
1374 2457 1508 2502 publica
1527 2461 1627 2492 nocte

199 2510 233 2539 te
260 2506 415 2538 tabernas
437 2515 441 2544 ι
464 2506 601 2549 perinde
626 2507 694 2538 aliz·
714 2508 718 2546 Ι
740 2507 806 2540 536
830 2504 874 2539 Ν.
897 2517 932 2548 p.
961 2507 1023 2540 169
1048 2504 1203 2538 sabulum
1223 2502 1231 2548 Ι
1250 2506 1308 2537 aut
1332 2504 1451 2546 egistis
1468 2502 1480 2547 ΙΙ
1499 2504 1563 2539 537
1580 2503 1626 2538 Ν.
1665 2547 1667 2549 ¹

197 2552 310 2594 p.416
329 2550 406 2583 vola
424 2551 436 2595 ΙΙ
455 2553 519 2586 538
544 2550 589 2585 Ν.
612 2552 728 2594 ρ.’542
754 2551 918 2584 ricinium.
964 2551 1175 2583 sententiam
1194 2550 1366 2592 proposui
1389 2549 1495 2582 talem
1518 2549 1627 2593 magis

199 2606 308 2630 mares
334 2595 374 2629 de
400 2607 523 2638 genere
549 2596 703 2630 muliebri
725 2599 730 2635 Ι
752 2597 872 2630 decere
896 2595 1073 2630 mulierem
1088 2595 1263 2628 Bentimcs
1283 2595 1289 2638 1
1310 2593 1446 2639 quando
1463 2594 1627 2628 muliebre

199 2642 310 2675 codem
335 2643 487 2683 optimus
504 2642 517 2686 ΙΙ
535 2643 600 2676 539
625 2642 669 2676 Ν.
680 2653 715 2685 p.
731 2643 796 2677 318
822 2641 945 2676 babere
965 2641 971 2684 Ι
992 2640 1132 2674 tenebre

313 2688 377 2721 540
403 2686 445 2719 Ν.
467 2698 504 2730 p.
519 2689 582 2722 158
608 2687 742 2731 puellos
763 2688 767 2732 Ι
789 2690 928 2731 repente
951 2685 1074 2719 vadon.
1120 2685 1216 2728 quod
1234 2685 1267 2718 si
1290 2694 1370 2718 cum
1395 2684 1528 2730 Guyeto
1552 2695 1627 2718 mu·
