1728 2886
698 144 947 180 MENIPPEAE
1452 144 1535 184 219

251 316 364 355 venio
396 328 503 356 nunc
533 316 579 356 ad
609 259 935 368 alterumssgfflus
970 318 1212 366 testamenti,
1254 319 1358 370 quod
1395 319 1537 359 dicitur
1566 324 1622 358 541

111 371 315 425 physicon,
338 373 379 412 in
403 385 481 425 quo
502 372 640 413 Graeci
659 372 844 414 belliores
865 385 981 426 quam
1003 373 1168 414 Romani
1191 376 1315 415 nostri

252 520 273 547 e
295 519 380 547 mea
404 506 696 563 Φιλοφθονίᾳ
719 508 840 555 natis,
872 521 971 560 quos
992 509 1198 561 Menippea
1220 509 1391 550 haeresis
1411 510 1538 551 nutri·
1567 517 1624 552 542

111 570 193 604 eata
223 571 302 611 est,
331 571 483 604 tutores
512 564 561 603 do
592 564 673 615 ‘qui
710 577 792 604 rem
822 565 1037 605 Romanam
1064 565 1296 618 Latiumque
1325 578 1534 618 augescere

117 620 244 661 vultis’

750 677 821 716 1111
841 678 899 728 (4)

249 733 280 772 si
311 734 397 784 quis
431 733 525 773 mihi
556 733 657 773 filius
685 745 789 774 unus
809 734 988 786 pluresve
1009 734 1048 774 in
1072 734 1207 775 decem
1228 735 1428 776 mensibus
1449 737 1533 788 gig·
1565 743 1622 778 543

110 795 276 836 uantur,
306 789 332 829 ii
358 790 390 829 si
419 796 536 829 erunt
564 784 660 831 ὄνοι
681 787 832 844 λύρας,
855 791 1068 831 exheredes
1097 798 1227 831 sunto.
1269 793 1373 844 quod
1395 793 1427 832 si
1449 794 1536 845 quis

109 845 317 886 undecimo
340 858 474 886 mense
490 843 600 887 κατὰ
616 839 927 904 Ἀριστοτέλην
950 854 1063 888 natus
1085 854 1154 897 est,
1166 848 1285 888 Accio
1306 849 1408 888 idem
1430 850 1535 901 quod

114 901 216 942 Titio
238 902 298 942 ius
320 910 402 942 esto
423 902 524 955 apud
548 915 609 942 me

707 1011 868 1047 Tl'I'HON
874 1012 928 1046 VS

685 1071 790 1115 περὶ
813 1067 956 1115 γήρως

771 1127 786 1166 1
808 1128 864 1179 (1)

377 1186 452 1234 qua
474 1183 669 1236 voluptate
689 1184 861 1224 aevitatis
882 1185 1061 1224 extimam
1084 1186 1210 1238 attigit
1230 1194 1372 1226 metam
1565 1197 1622 1230 544

378 1318 492 1359 quam
514 1307 720 1359 dereliquit
741 1251 994 1361 affilfflupjda
1015 1310 1206 1350 iuvenitas
1564 1321 1623 1354 545

377 1435 420 1471 ac
441 1444 644 1472 mammam
665 1376 999 1485 lactilsnsuigzntem
1022 1446 1183 1486 pascere
1206 1447 1358 1487 pupum
1564 1443 1623 1478 546

247 1568 303 1607 sic
334 1567 490 1608 invitata
519 1579 538 1606 a
561 1575 699 1608 natura
720 1569 847 1608 anima
870 1581 1107 1621 corporeum
1128 1569 1315 1610 corticem
1335 1571 1448 1612 facile
1470 1584 1532 1612 re·
1563 1581 1620 1613 547

110 1623 222 1677 liquit

761 1681 789 1719 V
813 1682 869 1733 (5)

246 1737 314 1778 risi
335 1737 513 1785 multum,
534 1738 608 1777 lusi
630 1738 780 1777 modice
1559 1747 1616 1782 548

474 1862 545 1897 TO
570 1863 652 1896 Em
677 1863 770 1896 ΤΗΙ
793 1863 967 1896 ΦΑΚΗΙ
991 1863 1171 1897 MYPON

642 1931 743 1973 περὶ
766 1926 996 1974 εὐκαιρίας

377 2066 449 2093 nec
470 1998 786 2094 multunummusl
801 2000 919 2107 ffigcis
940 2067 987 2094 ex
1008 2054 1087 2094 salo
1110 2060 1246 2106 captus
1561 2066 1620 2100 549

106 2154 195 2185 tar-is
217 2153 256 2185 in
268 2151 406 2193 Adonis,
429 2155 541 2186 ionici
564 2164 584 2186 a
608 2157 742 2187 maiore
765 2154 850 2194 fient
874 2156 1037 2188 continui
1053 2154 1065 2197 ΙΙ
1083 2156 1145 2188 541
1162 2153 1254 2197 N.p.
1268 2156 1309 2188 77
1336 2153 1495 2188 belliores
1520 2156 1524 2198 Ι

104 2196 146 2230 ad
170 2197 358 2231 adulterum
383 2208 489 2240 genus
523 2199 606 2231 libri
639 2198 715 2238 fere
751 2210 867 2232 omnes
894 2199 906 2244 ΙΙ
936 2201 1001 2234 542
1025 2198 1069 2233 Ν.
1091 2210 1127 2242 p.
1146 2200 1210 2234 478
1248 2199 1445 2234 nutricatur.
1492 2202 1531 2233 in

100 2253 234 2321 gil-facco
260 2244 365 2276 titulo
390 2240 566 2286 διαθήκης
587 2244 592 2288 Ι
612 2245 769 2288 menippe
795 2245 922 2278 heresis
946 2243 1109 2289 (Menippi
1128 2246 1271 2287 Popma)
1289 2243 1302 2289 ΙΙ
1319 2245 1384 2279 543
1400 2244 1532 2279 Gellius

212 2313 284 2367 ’544
307 2332 445 2366 Nonius
467 2344 500 2376 p.
531 2335 593 2368 193
617 2335 746 2368 aevitas
769 2335 781 2378 ΙΙ
807 2337 872 2370 545
896 2333 940 2369 Ν.
964 2346 998 2377 p.
1027 2335 1089 2369 123
1115 2334 1309 2368 iuvenilitas
1344 2337 1377 2367 et
1401 2345 1439 2379 p.
1464 2335 1530 2370 433

103 2377 260 2412 iuventus
287 2383 322 2412 et
346 2378 481 2412 iuventa
507 2383 541 2411 et
566 2378 770 2413 iuvenilitas.
803 2383 887 2413 item
910 2381 949 2413 in
969 2379 1209 2413 Van-omanis
1225 2379 1418 2414 iuvenilitas
1437 2381 1531 2421 libri.

103 2425 170 2456 etti
191 2426 230 2456 in
255 2423 419 2457 Laidem·
439 2435 475 2467 p.
503 2425 566 2458 123
587 2426 705 2468 primo
722 2427 895 2468 scriptum
914 2429 992 2458 erat
1006 2425 1175 2459 iuvenitas
1195 2427 1201 2468 Ι
1222 2424 1427 2469 derelinquit
1444 2426 1532 2459 liber

104 2470 256 2512 optimus
274 2479 312 2512 p.
337 2470 402 2504 433
419 2468 431 2513 ΙΙ
451 2470 516 2503 546
540 2468 584 2503 Ν.
605 2480 640 2513 p.
670 2472 732 2505 156
758 2471 836 2514 pupi
854 2470 867 2514 ΙΙ
886 2472 949 2504 547
975 2470 1020 2504 Ν.
1039 2481 1077 2513 p.
1106 2471 1168 2505 199
1193 2474 1308 2505 cortex
1328 2471 1334 2513 Ι
1354 2469 1531 2504 invitatam

103 2516 231 2548 matura
267 2518 272 2554 Ι
305 2514 388 2548 relin
416 2515 465 2547 uit
488 2514 654 2547 nonnulli
683 2515 767 2549 libri
795 2516 808 2559 fl
838 2516 903 2550 548
927 2514 971 2550 N.
991 2526 1028 2559 p.
1054 2516 1118 2550 343
1150 2516 1330 2551 modicum.
1377 2514 1531 2556 fortasse

103 2561 288 2602 anapaesti
307 2559 312 2601 1
333 2526 464 2593 megine
481 2560 588 2594 ambis
602 2560 763 2604 plerique
781 2562 866 2594 libri
883 2561 976 2595 unde
993 2561 1102 2594 amavi
1119 2560 1315 2602 effeceram,
1338 2561 1400 2595 sed
1421 2561 1531 2595 ambis

105 2605 236 2638 omittit
258 2605 421 2647 optimus,
445 2604 538 2638 alim
560 2609 641 2648 post
663 2607 849 2649 insequens
873 2606 1023 2640 Sallusti
1045 2615 1172 2640 nomen
1195 2607 1319 2640 traicit

217 2652 281 2685 549
306 2649 350 2684 Ν.
373 2661 408 2692 p.
436 2651 501 2685 216
531 2655 652 2684 ostrea.
699 2653 738 2684 in
763 2652 867 2685 titulo
891 2653 973 2697 περὶ
997 2661 1171 2695 emanatas
