<?xml version="1.0" encoding="UTF-8"?>
<!DOCTYPE html PUBLIC "-//W3C//DTD XHTML 1.0 Transitional//EN"
    "http://www.w3.org/TR/xhtml1/DTD/xhtml1-transitional.dtd">
<html xmlns="http://www.w3.org/1999/xhtml" xml:lang="en" lang="en">
 <head>
  <title>
</title>
<meta http-equiv="Content-Type" content="text/html;charset=utf-8" />
  <meta name='ocr-system' content='tesseract 3.04.00' />
  <meta name='ocr-capabilities' content='ocr_page ocr_carea ocr_par ocr_line ocrx_word'/>
</head>
<body>
  <div class='ocr_page' id='page_1' title='image "./satiraeetliberpr00petruoft_0155.png"; bbox 0 0 1728 2886; ppageno 0'>
   <div class='ocr_carea' id='block_1_1' title="bbox 699 120 1496 160">
    <p class='ocr_par' dir='ltr' id='par_1_1' title="bbox 699 120 1496 160">
     <span class='ocr_line' id='line_1_1' title="bbox 699 120 1496 160; baseline 0.006 -5"><span class='ocrx_word' id='word_1_1' title='bbox 699 120 888 156; x_wconf 81' lang='lat' dir='ltr'>PRIAPEA</span> <span class='ocrx_word' id='word_1_2' title='bbox 1417 120 1496 160; x_wconf 72' lang='lat'><strong>151</strong></span> 
     </span>
    </p>
   </div>
   <div class='ocr_carea' id='block_1_2' title="bbox 722 234 861 274">
    <p class='ocr_par' dir='ltr' id='par_1_2' title="bbox 722 234 861 274">
     <span class='ocr_line' id='line_1_2' title="bbox 722 234 861 274; baseline -0.007 0"><span class='ocrx_word' id='word_1_3' title='bbox 722 234 861 274; x_wconf 88' lang='lat' dir='ltr'>LXIIII</span> 
     </span>
    </p>
   </div>
   <div class='ocr_carea' id='block_1_3' title="bbox 227 302 959 466">
    <p class='ocr_par' dir='ltr' id='par_1_3' title="bbox 227 302 959 466">
     <span class='ocr_line' id='line_1_3' title="bbox 227 302 925 349; baseline -0.001 -7"><span class='ocrx_word' id='word_1_4' title='bbox 227 303 394 349; x_wconf 83' lang='lat' dir='ltr'>Quidam</span> <span class='ocrx_word' id='word_1_5' title='bbox 416 302 572 342; x_wconf 90' lang='lat' dir='ltr'><strong>mollior</strong></span> <span class='ocrx_word' id='word_1_6' title='bbox 590 302 739 342; x_wconf 83' lang='lat' dir='ltr'>anseris</span> <span class='ocrx_word' id='word_1_7' title='bbox 758 302 925 342; x_wconf 83' lang='lat' dir='ltr'>medulla</span> 
     </span>
     <span class='ocr_line' id='line_1_4' title="bbox 228 359 959 410; baseline -0.001 -11"><span class='ocrx_word' id='word_1_8' title='bbox 228 361 397 399; x_wconf 79' lang='lat' dir='ltr'><strong>furatum</strong></span> <span class='ocrx_word' id='word_1_9' title='bbox 412 359 518 398; x_wconf 79' lang='lat' dir='ltr'><strong>venit</strong></span> <span class='ocrx_word' id='word_1_10' title='bbox 534 359 612 397; x_wconf 91' lang='lat' dir='ltr'><strong>huc</strong></span> <span class='ocrx_word' id='word_1_11' title='bbox 632 370 764 398; x_wconf 90' lang='lat' dir='ltr'><strong>amore</strong></span> <span class='ocrx_word' id='word_1_12' title='bbox 784 371 959 410; x_wconf 89' lang='lat' dir='ltr'><strong>poenae:</strong></span> 
     </span>
     <span class='ocr_line' id='line_1_5' title="bbox 230 415 926 466; baseline -0.001 -11"><span class='ocrx_word' id='word_1_13' title='bbox 230 417 384 456; x_wconf 83' lang='lat' dir='ltr'><strong>furetur</strong></span> <span class='ocrx_word' id='word_1_14' title='bbox 403 415 493 455; x_wconf 86' lang='lat' dir='ltr'><strong>licet</strong></span> <span class='ocrx_word' id='word_1_15' title='bbox 513 427 649 466; x_wconf 83' lang='lat' dir='ltr'><strong>usque,</strong></span> <span class='ocrx_word' id='word_1_16' title='bbox 672 427 752 454; x_wconf 88' lang='lat' dir='ltr'><strong>uon</strong></span> <span class='ocrx_word' id='word_1_17' title='bbox 774 415 926 455; x_wconf 84' lang='lat' dir='ltr'><strong>videbo.</strong></span> 
     </span>
    </p>
   </div>
   <div class='ocr_carea' id='block_1_4' title="bbox 230 515 1277 802">
    <p class='ocr_par' dir='ltr' id='par_1_4' title="bbox 230 515 1277 802">
     <span class='ocr_line' id='line_1_6' title="bbox 742 515 840 555; baseline -0.02 0"><span class='ocrx_word' id='word_1_18' title='bbox 742 515 840 555; x_wconf 83' lang='lat' dir='ltr'><strong>LXV</strong></span> 
     </span>
     <span class='ocr_line' id='line_1_7' title="bbox 231 583 1146 635; baseline 0.001 -12"><span class='ocrx_word' id='word_1_19' title='bbox 231 584 303 624; x_wconf 88' lang='lat' dir='ltr'><strong>Hic</strong></span> <span class='ocrx_word' id='word_1_20' title='bbox 322 584 405 631; x_wconf 86' lang='lat' dir='ltr'><strong>tibi,</strong></span> <span class='ocrx_word' id='word_1_21' title='bbox 427 583 494 635; x_wconf 91' lang='lat' dir='ltr'><strong>qui</strong></span> <span class='ocrx_word' id='word_1_22' title='bbox 514 589 642 623; x_wconf 86' lang='lat' dir='ltr'><strong>rostro</strong></span> <span class='ocrx_word' id='word_1_23' title='bbox 665 583 879 623; x_wconf 88' lang='lat' dir='ltr'><strong>crescentia</strong></span> <span class='ocrx_word' id='word_1_24' title='bbox 900 583 976 622; x_wconf 88' lang='lat' dir='ltr'><strong>lilia</strong></span> <span class='ocrx_word' id='word_1_25' title='bbox 998 583 1146 632; x_wconf 84' lang='lat' dir='ltr'><strong>morsit,</strong></span> 
     </span>
     <span class='ocr_line' id='line_1_8' title="bbox 281 639 1116 692; baseline 0 -13"><span class='ocrx_word' id='word_1_26' title='bbox 281 640 456 680; x_wconf 80' lang='lat' dir='ltr'><strong>caeditur</strong></span> <span class='ocrx_word' id='word_1_27' title='bbox 477 653 497 680; x_wconf 90' lang='lat' dir='ltr'><strong>e</strong></span> <span class='ocrx_word' id='word_1_28' title='bbox 518 639 645 692; x_wconf 86' lang='lat' dir='ltr'><strong>tepida</strong></span> <span class='ocrx_word' id='word_1_29' title='bbox 665 639 820 679; x_wconf 88' lang='lat' dir='ltr'><strong>victima</strong></span> <span class='ocrx_word' id='word_1_30' title='bbox 840 652 984 692; x_wconf 90' lang='lat' dir='ltr'><strong>porcus</strong></span> <span class='ocrx_word' id='word_1_31' title='bbox 1004 640 1116 680; x_wconf 88' lang='lat' dir='ltr'><strong>hara:</strong></span> 
     </span>
     <span class='ocr_line' id='line_1_9' title="bbox 230 696 1277 750; baseline 0.002 -14"><span class='ocrx_word' id='word_1_32' title='bbox 230 709 280 736; x_wconf 88' lang='lat' dir='ltr'><strong>ne</strong></span> <span class='ocrx_word' id='word_1_33' title='bbox 302 704 430 736; x_wconf 89' lang='lat' dir='ltr'><strong>tamen</strong></span> <span class='ocrx_word' id='word_1_34' title='bbox 455 696 674 736; x_wconf 84' lang='lat' dir='ltr'><strong>exanimum</strong></span> <span class='ocrx_word' id='word_1_35' title='bbox 696 697 812 736; x_wconf 85' lang='lat' dir='ltr'><strong>facias</strong></span> <span class='ocrx_word' id='word_1_36' title='bbox 831 709 954 748; x_wconf 91' lang='lat' dir='ltr'><strong>pecus</strong></span> <span class='ocrx_word' id='word_1_37' title='bbox 974 709 1104 746; x_wconf 85' lang='lat' dir='ltr'><strong>omne,</strong></span> <span class='ocrx_word' id='word_1_38' title='bbox 1126 697 1277 750; x_wconf 80' lang='lat' dir='ltr'>Priape,</span> 
     </span>
     <span class='ocr_line' id='line_1_10' title="bbox 283 753 988 802; baseline -0.001 -9"><span class='ocrx_word' id='word_1_39' title='bbox 283 754 384 793; x_wconf 88' lang='lat' dir='ltr'><strong>horti</strong></span> <span class='ocrx_word' id='word_1_40' title='bbox 405 753 466 802; x_wconf 91' lang='lat' dir='ltr'><strong>sit,</strong></span> <span class='ocrx_word' id='word_1_41' title='bbox 483 753 611 801; x_wconf 83' lang='lat' dir='ltr'><strong>facias,</strong></span> <span class='ocrx_word' id='word_1_42' title='bbox 633 753 748 793; x_wconf 85' lang='lat' dir='ltr'><strong>ianua</strong></span> <span class='ocrx_word' id='word_1_43' title='bbox 769 753 898 793; x_wconf 86' lang='lat' dir='ltr'><strong>clausa</strong></span> <span class='ocrx_word' id='word_1_44' title='bbox 919 753 988 792; x_wconf 90' lang='lat' dir='ltr'><strong>tui.</strong></span> 
     </span>
    </p>
   </div>
   <div class='ocr_carea' id='block_1_5' title="bbox 228 921 978 1029">
    <p class='ocr_par' dir='ltr' id='par_1_5' title="bbox 228 921 978 1029">
     <span class='ocr_line' id='line_1_11' title="bbox 230 921 978 973; baseline 0 -13"><span class='ocrx_word' id='word_1_45' title='bbox 230 922 301 971; x_wconf 90' lang='lat' dir='ltr'><strong>Tu,</strong></span> <span class='ocrx_word' id='word_1_46' title='bbox 324 934 422 973; x_wconf 87' lang='lat' dir='ltr'><strong>quae</strong></span> <span class='ocrx_word' id='word_1_47' title='bbox 444 935 494 961; x_wconf 87' lang='lat' dir='ltr'><strong>ne</strong></span> <span class='ocrx_word' id='word_1_48' title='bbox 515 921 643 961; x_wconf 87' lang='lat' dir='ltr'><strong>videas</strong></span> <span class='ocrx_word' id='word_1_49' title='bbox 664 927 797 961; x_wconf 89' lang='lat' dir='ltr'><strong>notam</strong></span> <span class='ocrx_word' id='word_1_50' title='bbox 818 921 978 969; x_wconf 86' lang='lat' dir='ltr'><strong>virilem,</strong></span> 
     </span>
     <span class='ocr_line' id='line_1_12' title="bbox 228 977 954 1029; baseline -0.001 -12"><span class='ocrx_word' id='word_1_51' title='bbox 228 978 322 1018; x_wconf 91' lang='lat' dir='ltr'><strong>hinc</strong></span> <span class='ocrx_word' id='word_1_52' title='bbox 343 979 537 1026; x_wconf 85' lang='lat' dir='ltr'><strong>averteris,</strong></span> <span class='ocrx_word' id='word_1_53' title='bbox 558 985 603 1018; x_wconf 88' lang='lat' dir='ltr'><strong>ut</strong></span> <span class='ocrx_word' id='word_1_54' title='bbox 622 979 734 1017; x_wconf 85' lang='lat' dir='ltr'><strong>decet</strong></span> <span class='ocrx_word' id='word_1_55' title='bbox 753 977 954 1029; x_wconf 90' lang='lat' dir='ltr'><strong>pudicam:</strong></span> 
     </span>
    </p>
   </div>
   <div class='ocr_carea' id='block_1_6' title="bbox 228 1033 942 1142">
    <p class='ocr_par' dir='ltr' id='par_1_6' title="bbox 228 1033 942 1142">
     <span class='ocr_line' id='line_1_13' title="bbox 228 1033 941 1086; baseline 0 -13"><span class='ocrx_word' id='word_1_56' title='bbox 228 1047 251 1074; x_wconf 92' lang='lat' dir='ltr'><strong>a</strong></span> <span class='ocrx_word' id='word_1_57' title='bbox 272 1034 413 1074; x_wconf 89' lang='lat' dir='ltr'><strong>mirum</strong></span> <span class='ocrx_word' id='word_1_58' title='bbox 437 1035 510 1074; x_wconf 88' lang='lat' dir='ltr'><strong>nisi</strong></span> <span class='ocrx_word' id='word_1_59' title='bbox 531 1034 636 1086; x_wconf 91' lang='lat' dir='ltr'><strong>quod</strong></span> <span class='ocrx_word' id='word_1_60' title='bbox 666 1035 780 1074; x_wconf 87' lang='lat' dir='ltr'><strong>times</strong></span> <span class='ocrx_word' id='word_1_61' title='bbox 799 1033 941 1081; x_wconf 87' lang='lat' dir='ltr'><strong>videre,</strong></span> 
     </span>
     <span class='ocr_line' id='line_1_14' title="bbox 230 1090 942 1142; baseline -0.001 -12"><span class='ocrx_word' id='word_1_62' title='bbox 230 1091 333 1130; x_wconf 86' lang='lat' dir='ltr'><strong>intra</strong></span> <span class='ocrx_word' id='word_1_63' title='bbox 355 1091 500 1131; x_wconf 85' lang='lat' dir='ltr'><strong>viscera</strong></span> <span class='ocrx_word' id='word_1_64' title='bbox 520 1091 662 1130; x_wconf 86' lang='lat' dir='ltr'><strong>habere</strong></span> <span class='ocrx_word' id='word_1_65' title='bbox 683 1090 942 1142; x_wconf 85' lang='lat' dir='ltr'><strong>concupiscis.</strong></span> 
     </span>
    </p>
   </div>
   <div class='ocr_carea' id='block_1_7' title="bbox 725 1191 861 1231">
    <p class='ocr_par' dir='ltr' id='par_1_7' title="bbox 725 1191 861 1231">
     <span class='ocr_line' id='line_1_15' title="bbox 725 1191 861 1231; baseline -0.007 0"><span class='ocrx_word' id='word_1_66' title='bbox 725 1191 861 1231; x_wconf 85' lang='lat' dir='ltr'>LXVII</span> 
     </span>
    </p>
   </div>
   <div class='ocr_carea' id='block_1_8' title="bbox 228 1259 1271 1482">
    <p class='ocr_par' dir='ltr' id='par_1_8' title="bbox 228 1259 1271 1482">
     <span class='ocr_line' id='line_1_16' title="bbox 228 1259 1167 1312; baseline -0.002 -12"><span class='ocrx_word' id='word_1_67' title='bbox 228 1261 446 1312; x_wconf 86' lang='lat' dir='ltr'><strong>Penelopes</strong></span> <span class='ocrx_word' id='word_1_68' title='bbox 466 1260 628 1312; x_wconf 83' lang='lat' dir='ltr'><strong>primam</strong></span> <span class='ocrx_word' id='word_1_69' title='bbox 651 1260 815 1300; x_wconf 88' lang='lat' dir='ltr'>Didonis</span> <span class='ocrx_word' id='word_1_70' title='bbox 836 1259 959 1312; x_wconf 88' lang='lat' dir='ltr'><strong>prima</strong></span> <span class='ocrx_word' id='word_1_71' title='bbox 981 1265 1167 1311; x_wconf 84' lang='lat' dir='ltr'><strong>sequatur</strong></span> 
     </span>
     <span class='ocr_line' id='line_1_17' title="bbox 281 1315 1112 1369; baseline -0.001 -13"><span class='ocrx_word' id='word_1_72' title='bbox 281 1323 320 1356; x_wconf 92' lang='lat' dir='ltr'><strong>et</strong></span> <span class='ocrx_word' id='word_1_73' title='bbox 338 1317 503 1369; x_wconf 80' lang='lat' dir='ltr'>primam</span> <span class='ocrx_word' id='word_1_74' title='bbox 525 1317 656 1357; x_wconf 90' lang='lat' dir='ltr'><strong>Cadmi</strong></span> <span class='ocrx_word' id='word_1_75' title='bbox 677 1316 821 1369; x_wconf 82' lang='lat' dir='ltr'>syllaba</span> <span class='ocrx_word' id='word_1_76' title='bbox 841 1316 967 1369; x_wconf 88' lang='lat' dir='ltr'><strong>prima</strong></span> <span class='ocrx_word' id='word_1_77' title='bbox 987 1315 1112 1363; x_wconf 86' lang='lat' dir='ltr'>Remi,</span> 
     </span>
     <span class='ocr_line' id='line_1_18' title="bbox 228 1372 1271 1425; baseline -0.001 -12"><span class='ocrx_word' id='word_1_78' title='bbox 228 1373 411 1425; x_wconf 90' lang='lat' dir='ltr'><strong>quodque</strong></span> <span class='ocrx_word' id='word_1_79' title='bbox 430 1375 474 1412; x_wconf 83' lang='lat' dir='ltr'><strong>fit</strong></span> <span class='ocrx_word' id='word_1_80' title='bbox 495 1386 541 1413; x_wconf 84' lang='lat' dir='ltr'><strong>ex</strong></span> <span class='ocrx_word' id='word_1_81' title='bbox 562 1373 648 1422; x_wconf 90' lang='lat' dir='ltr'><strong>illis,</strong></span> <span class='ocrx_word' id='word_1_82' title='bbox 668 1373 764 1413; x_wconf 92' lang='lat' dir='ltr'><strong>mihi</strong></span> <span class='ocrx_word' id='word_1_83' title='bbox 782 1380 824 1412; x_wconf 89' lang='lat' dir='ltr'><strong>tu</strong></span> <span class='ocrx_word' id='word_1_84' title='bbox 845 1373 1063 1425; x_wconf 89' lang='lat' dir='ltr'><strong>deprensus</strong></span> <span class='ocrx_word' id='word_1_85' title='bbox 1083 1372 1123 1411; x_wconf 96' lang='lat' dir='ltr'><strong>in</strong></span> <span class='ocrx_word' id='word_1_86' title='bbox 1144 1373 1271 1422; x_wconf 84' lang='lat' dir='ltr'><strong>horto,</strong></span> 
     </span>
     <span class='ocr_line' id='line_1_19' title="bbox 281 1429 1220 1482; baseline 0 -13"><span class='ocrx_word' id='word_1_87' title='bbox 281 1430 356 1478; x_wconf 84' lang='lat' dir='ltr'><strong>sur,</strong></span> <span class='ocrx_word' id='word_1_88' title='bbox 377 1430 503 1470; x_wconf 87' lang='lat' dir='ltr'><strong>dabis:</strong></span> <span class='ocrx_word' id='word_1_89' title='bbox 527 1431 598 1470; x_wconf 91' lang='lat' dir='ltr'><strong>hac</strong></span> <span class='ocrx_word' id='word_1_90' title='bbox 619 1442 746 1482; x_wconf 88' lang='lat' dir='ltr'><strong>poena</strong></span> <span class='ocrx_word' id='word_1_91' title='bbox 767 1430 883 1479; x_wconf 85' lang='lat' dir='ltr'><strong>culpa</strong></span> <span class='ocrx_word' id='word_1_92' title='bbox 902 1429 1044 1470; x_wconf 85' lang='lat' dir='ltr'><strong>luenda</strong></span> <span class='ocrx_word' id='word_1_93' title='bbox 1064 1435 1130 1468; x_wconf 88' lang='lat' dir='ltr'><strong>tua</strong></span> <span class='ocrx_word' id='word_1_94' title='bbox 1152 1437 1220 1469; x_wconf 89' lang='lat' dir='ltr'><strong>est.</strong></span> 
     </span>
    </p>
   </div>
   <div class='ocr_carea' id='block_1_9' title="bbox 721 1530 874 1570">
    <p class='ocr_par' dir='ltr' id='par_1_9' title="bbox 721 1530 874 1570">
     <span class='ocr_line' id='line_1_20' title="bbox 721 1530 874 1570; baseline 0 0"><span class='ocrx_word' id='word_1_95' title='bbox 721 1530 874 1570; x_wconf 84' lang='lat' dir='ltr'>LXVIII</span> 
     </span>
    </p>
   </div>
   <div class='ocr_carea' id='block_1_10' title="bbox 228 1595 1453 2385">
    <p class='ocr_par' dir='ltr' id='par_1_10' title="bbox 228 1595 1453 2385">
     <span class='ocr_line' id='line_1_21' title="bbox 230 1595 1107 1650; baseline -0.003 -12"><span class='ocrx_word' id='word_1_96' title='bbox 230 1598 412 1638; x_wconf 81' lang='lat' dir='ltr'><strong>Rusticus</strong></span> <span class='ocrx_word' id='word_1_97' title='bbox 432 1598 588 1638; x_wconf 79' lang='lat' dir='ltr'><strong>indocte</strong></span> <span class='ocrx_word' id='word_1_98' title='bbox 609 1598 640 1638; x_wconf 94' lang='lat' dir='ltr'><strong>si</strong></span> <span class='ocrx_word' id='word_1_99' title='bbox 662 1598 753 1650; x_wconf 90' lang='lat' dir='ltr'><strong>quid</strong></span> <span class='ocrx_word' id='word_1_100' title='bbox 774 1598 915 1638; x_wconf 84' lang='lat' dir='ltr'><strong>dixisse</strong></span> <span class='ocrx_word' id='word_1_101' title='bbox 935 1595 1107 1645; x_wconf 86' lang='lat' dir='ltr'><strong>videbor,</strong></span> 
     </span>
     <span class='ocr_line' id='line_1_22' title="bbox 282 1653 1141 1707; baseline -0.002 -13"><span class='ocrx_word' id='word_1_102' title='bbox 282 1655 329 1694; x_wconf 91' lang='lat' dir='ltr'><strong>da</strong></span> <span class='ocrx_word' id='word_1_103' title='bbox 349 1655 517 1694; x_wconf 71' lang='lat' dir='ltr'><strong>veniam:</strong></span> <span class='ocrx_word' id='word_1_104' title='bbox 541 1655 662 1695; x_wconf 88' lang='lat' dir='ltr'><strong>libros</strong></span> <span class='ocrx_word' id='word_1_105' title='bbox 684 1668 764 1695; x_wconf 92' lang='lat' dir='ltr'><strong>non</strong></span> <span class='ocrx_word' id='word_1_106' title='bbox 785 1654 885 1706; x_wconf 86' lang='lat' dir='ltr'><strong>lego,</strong></span> <span class='ocrx_word' id='word_1_107' title='bbox 906 1665 1021 1707; x_wconf 89' lang='lat' dir='ltr'><strong>poma</strong></span> <span class='ocrx_word' id='word_1_108' title='bbox 1043 1653 1141 1704; x_wconf 85' lang='lat' dir='ltr'><strong>lego.</strong></span> 
     </span>
     <span class='ocr_line' id='line_1_23' title="bbox 230 1710 1267 1762; baseline -0.001 -11"><span class='ocrx_word' id='word_1_109' title='bbox 230 1711 298 1751; x_wconf 89' lang='lat' dir='ltr'><strong>sed</strong></span> <span class='ocrx_word' id='word_1_110' title='bbox 319 1711 427 1752; x_wconf 85' lang='lat' dir='ltr'><strong>rudis</strong></span> <span class='ocrx_word' id='word_1_111' title='bbox 446 1712 510 1751; x_wconf 91' lang='lat' dir='ltr'><strong>hic</strong></span> <span class='ocrx_word' id='word_1_112' title='bbox 531 1712 732 1751; x_wconf 88' lang='lat' dir='ltr'><strong>dominum</strong></span> <span class='ocrx_word' id='word_1_113' title='bbox 753 1711 897 1751; x_wconf 87' lang='lat' dir='ltr'><strong>totiens</strong></span> <span class='ocrx_word' id='word_1_114' title='bbox 917 1710 1051 1750; x_wconf 90' lang='lat' dir='ltr'><strong>audire</strong></span> <span class='ocrx_word' id='word_1_115' title='bbox 1071 1710 1267 1762; x_wconf 85' lang='lat' dir='ltr'><strong>legentem</strong></span> 
     </span>
     <span class='ocr_line' id='line_1_24' title="bbox 283 1767 1058 1820; baseline -0.003 -12"><span class='ocrx_word' id='word_1_116' title='bbox 283 1781 404 1820; x_wconf 86' lang='lat' dir='ltr'><strong>cogor</strong></span> <span class='ocrx_word' id='word_1_117' title='bbox 424 1768 674 1808; x_wconf 89' lang='lat' dir='ltr'><strong>Homeriacas</strong></span> <span class='ocrx_word' id='word_1_118' title='bbox 694 1767 912 1818; x_wconf 89' lang='lat' dir='ltr'><strong>edidicique</strong></span> <span class='ocrx_word' id='word_1_119' title='bbox 934 1773 1058 1806; x_wconf 90' lang='lat' dir='ltr'><strong>notas.</strong></span> 
     </span>
     <span class='ocr_line' id='line_1_25' title="bbox 233 1820 1451 1879; baseline -0.001 -15"><span class='ocrx_word' id='word_1_120' title='bbox 233 1824 295 1864; x_wconf 90' lang='lat' dir='ltr'><strong>ille</strong></span> <span class='ocrx_word' id='word_1_121' title='bbox 316 1831 439 1872; x_wconf 84' lang='lat' dir='ltr'><strong>vocat,</strong></span> <span class='ocrx_word' id='word_1_122' title='bbox 461 1824 564 1876; x_wconf 89' lang='lat' dir='ltr'><strong>quod</strong></span> <span class='ocrx_word' id='word_1_123' title='bbox 587 1838 660 1865; x_wconf 93' lang='lat' dir='ltr'><strong>nos</strong></span> <span class='ocrx_word' id='word_1_124' title='bbox 681 1821 850 1879; x_wconf 82' lang='grc' dir='ltr'><em>ψωλήν,</em></span> <span class='ocrx_word' id='word_1_125' title='bbox 870 1821 1095 1874; x_wconf 83' lang='grc' dir='ltr'><strong><em>ψολόεντα</em></strong></span> <span class='ocrx_word' id='word_1_126' title='bbox 1115 1820 1335 1876; x_wconf 81' lang='grc' dir='ltr'><strong><em>κεραυνόν,</em></strong></span> <span class='ocrx_word' id='word_1_127' title='bbox 1430 1830 1451 1863; x_wconf 82' lang='lat'>5</span> 
     </span>
     <span class='ocr_line' id='line_1_26' title="bbox 283 1878 1133 1932; baseline -0.001 -12"><span class='ocrx_word' id='word_1_128' title='bbox 283 1887 322 1920; x_wconf 88' lang='lat' dir='ltr'><strong>et</strong></span> <span class='ocrx_word' id='word_1_129' title='bbox 343 1881 446 1932; x_wconf 89' lang='lat' dir='ltr'><strong>quod</strong></span> <span class='ocrx_word' id='word_1_130' title='bbox 469 1894 541 1921; x_wconf 86' lang='lat' dir='ltr'><strong>nos</strong></span> <span class='ocrx_word' id='word_1_131' title='bbox 562 1881 706 1929; x_wconf 89' lang='lat' dir='ltr'><strong>culum,</strong></span> <span class='ocrx_word' id='word_1_132' title='bbox 727 1878 905 1922; x_wconf 86' lang='grc' dir='ltr'><strong><em>κουλεόν</em></strong></span> <span class='ocrx_word' id='word_1_133' title='bbox 926 1880 990 1919; x_wconf 90' lang='lat' dir='ltr'><strong>ille</strong></span> <span class='ocrx_word' id='word_1_134' title='bbox 1010 1885 1133 1919; x_wconf 87' lang='lat' dir='ltr'><strong>vocat.</strong></span> 
     </span>
     <span class='ocr_line' id='line_1_27' title="bbox 228 1936 1234 1992; baseline -0.005 -13"><span class='ocrx_word' id='word_1_135' title='bbox 228 1936 470 1992; x_wconf 81' lang='grc' dir='ltr'><strong><em>μερδαλέον</em></strong></span> <span class='ocrx_word' id='word_1_136' title='bbox 490 1945 596 1978; x_wconf 87' lang='lat' dir='ltr'><strong>certe</strong></span> <span class='ocrx_word' id='word_1_137' title='bbox 617 1938 691 1977; x_wconf 91' lang='lat' dir='ltr'><strong>nisi</strong></span> <span class='ocrx_word' id='word_1_138' title='bbox 711 1950 775 1977; x_wconf 87' lang='lat' dir='ltr'><strong>res</strong></span> <span class='ocrx_word' id='word_1_139' title='bbox 795 1950 876 1976; x_wconf 90' lang='lat' dir='ltr'><strong>non</strong></span> <span class='ocrx_word' id='word_1_140' title='bbox 898 1936 1043 1976; x_wconf 90' lang='lat' dir='ltr'><strong>munda</strong></span> <span class='ocrx_word' id='word_1_141' title='bbox 1063 1942 1234 1985; x_wconf 89' lang='lat' dir='ltr'><strong>vocatur,</strong></span> 
     </span>
     <span class='ocr_line' id='line_1_28' title="bbox 284 1993 1073 2045; baseline -0.004 -11"><span class='ocrx_word' id='word_1_142' title='bbox 284 2001 321 2034; x_wconf 88' lang='lat' dir='ltr'><strong>et</strong></span> <span class='ocrx_word' id='word_1_143' title='bbox 340 1994 578 2045; x_wconf 82' lang='lat' dir='ltr'><strong>pediconum</strong></span> <span class='ocrx_word' id='word_1_144' title='bbox 597 1994 770 2034; x_wconf 80' lang='lat' dir='ltr'><strong>mentula</strong></span> <span class='ocrx_word' id='word_1_145' title='bbox 791 1993 983 2033; x_wconf 88' lang='lat' dir='ltr'><strong>merdalea</strong></span> <span class='ocrx_word' id='word_1_146' title='bbox 1003 2000 1073 2032; x_wconf 88' lang='lat' dir='ltr'><strong>est.</strong></span> 
     </span>
     <span class='ocr_line' id='line_1_29' title="bbox 235 2049 1208 2103; baseline -0.002 -14"><span class='ocrx_word' id='word_1_147' title='bbox 235 2049 357 2101; x_wconf 82' lang='lat' dir='ltr'><strong>quid?</strong></span> <span class='ocrx_word' id='word_1_148' title='bbox 380 2051 454 2091; x_wconf 90' lang='lat' dir='ltr'><strong>nisi</strong></span> <span class='ocrx_word' id='word_1_149' title='bbox 475 2051 664 2091; x_wconf 86' lang='lat' dir='ltr'><strong>Taenario</strong></span> <span class='ocrx_word' id='word_1_150' title='bbox 686 2051 896 2103; x_wconf 84' lang='lat' dir='ltr'><strong>placuisset</strong></span> <span class='ocrx_word' id='word_1_151' title='bbox 915 2049 1054 2089; x_wconf 88' lang='lat' dir='ltr'><strong>Troica</strong></span> <span class='ocrx_word' id='word_1_152' title='bbox 1075 2061 1208 2088; x_wconf 90' lang='lat' dir='ltr'><strong>cunno</strong></span> 
     </span>
     <span class='ocr_line' id='line_1_30' title="bbox 286 2105 1453 2159; baseline -0.002 -14"><span class='ocrx_word' id='word_1_153' title='bbox 286 2108 468 2155; x_wconf 79' lang='lat' dir='ltr'><strong>mentula,</strong></span> <span class='ocrx_word' id='word_1_154' title='bbox 491 2108 594 2159; x_wconf 88' lang='lat' dir='ltr'><strong>quod</strong></span> <span class='ocrx_word' id='word_1_155' title='bbox 616 2114 786 2156; x_wconf 88' lang='lat' dir='ltr'><strong>caneret,</strong></span> <span class='ocrx_word' id='word_1_156' title='bbox 807 2120 887 2146; x_wconf 88' lang='lat' dir='ltr'><strong>non</strong></span> <span class='ocrx_word' id='word_1_157' title='bbox 909 2105 1107 2146; x_wconf 86' lang='lat' dir='ltr'><strong>habuisset</strong></span> <span class='ocrx_word' id='word_1_158' title='bbox 1127 2117 1238 2157; x_wconf 88' lang='lat' dir='ltr'><strong>opus.</strong></span> <span class='ocrx_word' id='word_1_159' title='bbox 1415 2110 1453 2144; x_wconf 88' lang='lat'><strong>10</strong></span> 
     </span>
     <span class='ocr_line' id='line_1_31' title="bbox 232 2161 1208 2210; baseline -0.002 -8"><span class='ocrx_word' id='word_1_160' title='bbox 232 2163 406 2203; x_wconf 87' lang='lat' dir='ltr'><strong>mentula</strong></span> <span class='ocrx_word' id='word_1_161' title='bbox 427 2164 651 2204; x_wconf 85' lang='lat' dir='ltr'><strong>Tantalidae</strong></span> <span class='ocrx_word' id='word_1_162' title='bbox 672 2164 774 2204; x_wconf 88' lang='lat' dir='ltr'><strong>bene</strong></span> <span class='ocrx_word' id='word_1_163' title='bbox 795 2164 827 2203; x_wconf 93' lang='lat' dir='ltr'><strong>si</strong></span> <span class='ocrx_word' id='word_1_164' title='bbox 848 2176 929 2203; x_wconf 94' lang='lat' dir='ltr'><strong>non</strong></span> <span class='ocrx_word' id='word_1_165' title='bbox 952 2169 1040 2202; x_wconf 85' lang='lat' dir='ltr'><strong>nata</strong></span> <span class='ocrx_word' id='word_1_166' title='bbox 1061 2161 1208 2210; x_wconf 86' lang='lat' dir='ltr'><strong>suisset,</strong></span> 
     </span>
     <span class='ocr_line' id='line_1_32' title="bbox 286 2219 1201 2273; baseline -0.004 -13"><span class='ocrx_word' id='word_1_167' title='bbox 286 2219 351 2268; x_wconf 90' lang='lat' dir='ltr'><strong>nil,</strong></span> <span class='ocrx_word' id='word_1_168' title='bbox 374 2220 507 2260; x_wconf 85' lang='lat' dir='ltr'><strong>senior</strong></span> <span class='ocrx_word' id='word_1_169' title='bbox 528 2220 691 2273; x_wconf 80' lang='lat' dir='ltr'><strong>Chryses</strong></span> <span class='ocrx_word' id='word_1_170' title='bbox 713 2220 816 2272; x_wconf 91' lang='lat' dir='ltr'><strong>quod</strong></span> <span class='ocrx_word' id='word_1_171' title='bbox 839 2225 1085 2271; x_wconf 79' lang='lat' dir='ltr'><strong>quereretur,</strong></span> <span class='ocrx_word' id='word_1_172' title='bbox 1107 2224 1201 2257; x_wconf 88' lang='lat' dir='ltr'><strong>erat.</strong></span> 
     </span>
     <span class='ocr_line' id='line_1_33' title="bbox 232 2274 1155 2328; baseline -0.002 -13"><span class='ocrx_word' id='word_1_173' title='bbox 232 2276 328 2316; x_wconf 88' lang='lat' dir='ltr'><strong>haec</strong></span> <span class='ocrx_word' id='word_1_174' title='bbox 348 2277 480 2316; x_wconf 86' lang='lat' dir='ltr'><strong>eadem</strong></span> <span class='ocrx_word' id='word_1_175' title='bbox 501 2277 649 2317; x_wconf 92' lang='lat' dir='ltr'><strong>socium</strong></span> <span class='ocrx_word' id='word_1_176' title='bbox 670 2284 804 2317; x_wconf 84' lang='lat' dir='ltr'><strong>tenera</strong></span> <span class='ocrx_word' id='word_1_177' title='bbox 825 2275 1001 2328; x_wconf 84' lang='lat' dir='ltr'><strong>spoliavit</strong></span> <span class='ocrx_word' id='word_1_178' title='bbox 1021 2274 1155 2322; x_wconf 88' lang='lat' dir='ltr'><strong>amica,</strong></span> 
     </span>
     <span class='ocr_line' id='line_1_34' title="bbox 286 2332 1188 2385; baseline -0.003 -12"><span class='ocrx_word' id='word_1_179' title='bbox 286 2345 464 2385; x_wconf 86' lang='lat' dir='ltr'><strong>quaeque</strong></span> <span class='ocrx_word' id='word_1_180' title='bbox 485 2339 567 2373; x_wconf 86' lang='lat' dir='ltr'><strong>erat</strong></span> <span class='ocrx_word' id='word_1_181' title='bbox 586 2333 785 2382; x_wconf 84' lang='lat' dir='ltr'><strong>Aeacidae,</strong></span> <span class='ocrx_word' id='word_1_182' title='bbox 805 2332 942 2372; x_wconf 86' lang='lat' dir='ltr'><strong>maluit</strong></span> <span class='ocrx_word' id='word_1_183' title='bbox 962 2344 1047 2372; x_wconf 87' lang='lat' dir='ltr'><strong>esse</strong></span> <span class='ocrx_word' id='word_1_184' title='bbox 1067 2343 1188 2371; x_wconf 87' lang='lat' dir='ltr'><strong>suam.</strong></span> 
     </span>
    </p>
   </div>
   <div class='ocr_carea' id='block_1_11' title="bbox 0 0 103 2886">
    <p class='ocr_par' dir='ltr' id='par_1_11' title="bbox 0 0 103 2886">
     <span class='ocr_line' id='line_1_35' title="bbox 0 0 103 2886; baseline 0 0"><span class='ocrx_word' id='word_1_185' title='bbox 0 0 103 2886; x_wconf 95' lang='lat' dir='ltr'><strong>   </strong></span> 
     </span>
    </p>
   </div>
   <div class='ocr_carea' id='block_1_12' title="bbox 89 2407 359 2413">
    <p class='ocr_par' dir='ltr' id='par_1_12' title="bbox 89 2407 359 2413">
     <span class='ocr_line' id='line_1_36' title="bbox 89 2407 359 2413; baseline 0 0"><span class='ocrx_word' id='word_1_186' title='bbox 89 2407 359 2413; x_wconf 95' lang='lat' dir='ltr'><strong> </strong></span> 
     </span>
    </p>
   </div>
   <div class='ocr_carea' id='block_1_13' title="bbox 32 2429 1509 2659">
    <p class='ocr_par' dir='ltr' id='par_1_13' title="bbox 32 2429 1509 2659">
     <span class='ocr_line' id='line_1_37' title="bbox 83 2429 1509 2476; baseline -0.004 -8"><span class='ocrx_word' id='word_1_187' title='bbox 83 2438 242 2468; x_wconf 81' lang='lat' dir='ltr'><strong>movente</strong></span> <span class='ocrx_word' id='word_1_188' title='bbox 267 2433 442 2467; x_wconf 69' lang='lat' dir='ltr'><strong>Heinsius.</strong></span> <span class='ocrx_word' id='word_1_189' title='bbox 490 2435 627 2466; x_wconf 76' lang='lat' dir='ltr'><strong>conieci</strong></span> <span class='ocrx_word' id='word_1_190' title='bbox 662 2432 779 2476; x_wconf 81' lang='lat' dir='ltr'><strong>figuris</strong></span> <span class='ocrx_word' id='word_1_191' title='bbox 803 2451 846 2456; x_wconf 95' lang='lat'>—</span> <span class='ocrx_word' id='word_1_192' title='bbox 871 2435 1030 2465; x_wconf 85' lang='lat' dir='ltr'><strong>contenta</strong></span> <span class='ocrx_word' id='word_1_193' title='bbox 1068 2441 1135 2464; x_wconf 92' lang='lat' dir='ltr'><strong>non</strong></span> <span class='ocrx_word' id='word_1_194' title='bbox 1167 2432 1221 2463; x_wconf 84' lang='lat' dir='ltr'><strong>est</strong></span> <span class='ocrx_word' id='word_1_195' title='bbox 1250 2429 1472 2473; x_wconf 86' lang='lat' dir='ltr'><strong>pruriensque</strong></span> <span class='ocrx_word' id='word_1_196' title='bbox 1495 2429 1509 2475; x_wconf 63' lang='grc' dir='ltr'><strong>ΙΙ</strong></span> 
     </span>
     <span class='ocr_line' id='line_1_38' title="bbox 32 2474 1508 2521; baseline -0.003 -9"><span class='ocrx_word' id='word_1_197' title='bbox 32 2518 35 2519; x_wconf 19' lang='lat'><em>⁷</em></span> <span class='ocrx_word' id='word_1_198' title='bbox 84 2477 170 2512; x_wconf 84' lang='lat' dir='ltr'>va</span> <span class='ocrx_word' id='word_1_199' title='bbox 198 2481 211 2512; x_wconf 90' lang='lat'>1</span> <span class='ocrx_word' id='word_1_200' title='bbox 239 2477 356 2512; x_wconf 81' lang='lat' dir='ltr'><strong>mersit</strong></span> <span class='ocrx_word' id='word_1_201' title='bbox 377 2479 382 2517; x_wconf 85' lang='grc' dir='ltr'>Ι</span> <span class='ocrx_word' id='word_1_202' title='bbox 403 2480 424 2512; x_wconf 84' lang='grc'>4</span> <span class='ocrx_word' id='word_1_203' title='bbox 447 2477 601 2518; x_wconf 69' lang='lat' dir='ltr'><strong>fortune</strong></span> <span class='ocrx_word' id='word_1_204' title='bbox 625 2478 670 2512; x_wconf 88' lang='lat' dir='ltr'><strong>sit</strong></span> <span class='ocrx_word' id='word_1_205' title='bbox 693 2477 836 2521; x_wconf 83' lang='lat' dir='ltr'><strong>posthac</strong></span> <span class='ocrx_word' id='word_1_206' title='bbox 853 2477 866 2520; x_wconf 85' lang='grc' dir='ltr'><strong>ΙΙ</strong></span> <span class='ocrx_word' id='word_1_207' title='bbox 883 2475 982 2510; x_wconf 86' lang='lat' dir='ltr'>LXVI</span> <span class='ocrx_word' id='word_1_208' title='bbox 1000 2479 1019 2511; x_wconf 86' lang='lat'><strong>3</strong></span> <span class='ocrx_word' id='word_1_209' title='bbox 1037 2475 1193 2509; x_wconf 85' lang='lat' dir='ltr'><strong>nimirum</strong></span> <span class='ocrx_word' id='word_1_210' title='bbox 1217 2477 1280 2508; x_wconf 76' lang='lat' dir='ltr'><strong>aul</strong></span> <span class='ocrx_word' id='word_1_211' title='bbox 1296 2474 1344 2509; x_wconf 91' lang='lat' dir='ltr'><strong>nil</strong></span> <span class='ocrx_word' id='word_1_212' title='bbox 1361 2475 1479 2508; x_wconf 86' lang='lat' dir='ltr'><strong>mirum</strong></span> <span class='ocrx_word' id='word_1_213' title='bbox 1495 2477 1508 2517; x_wconf 86' lang='grc' dir='ltr'><strong>ΙΙ</strong></span> 
     </span>
     <span class='ocr_line' id='line_1_39' title="bbox 84 2519 1507 2568; baseline -0.002 -11"><span class='ocrx_word' id='word_1_214' title='bbox 84 2522 196 2558; x_wconf 84' lang='lat' dir='ltr'>LXVII</span> <span class='ocrx_word' id='word_1_215' title='bbox 223 2526 239 2559; x_wconf 97' lang='grc'>1</span> <span class='ocrx_word' id='word_1_216' title='bbox 265 2523 350 2557; x_wconf 89' lang='lat' dir='ltr'><strong>Dido</strong></span> <span class='ocrx_word' id='word_1_217' title='bbox 376 2523 428 2557; x_wconf 80' lang='lat' dir='ltr'><strong>sac</strong></span> <span class='ocrx_word' id='word_1_218' title='bbox 452 2523 519 2557; x_wconf 85' lang='lat' dir='ltr'><strong>alii</strong></span> <span class='ocrx_word' id='word_1_219' title='bbox 542 2522 661 2568; x_wconf 85' lang='lat' dir='ltr'><strong>(Didus</strong></span> <span class='ocrx_word' id='word_1_220' title='bbox 685 2523 861 2564; x_wconf 75' lang='lat' dir='ltr'><strong>Heinsius)</strong></span> <span class='ocrx_word' id='word_1_221' title='bbox 883 2521 888 2563; x_wconf 93' lang='grc' dir='ltr'>Ι</span> <span class='ocrx_word' id='word_1_222' title='bbox 909 2523 928 2555; x_wconf 86' lang='grc'><strong>3</strong></span> <span class='ocrx_word' id='word_1_223' title='bbox 952 2525 989 2555; x_wconf 90' lang='lat' dir='ltr'><strong>tu</strong></span> <span class='ocrx_word' id='word_1_224' title='bbox 1013 2520 1094 2555; x_wconf 89' lang='lat' dir='ltr'><strong>mihi</strong></span> <span class='ocrx_word' id='word_1_225' title='bbox 1116 2521 1267 2564; x_wconf 80' lang='lat' dir='ltr'><strong>plurimi</strong></span> <span class='ocrx_word' id='word_1_226' title='bbox 1294 2519 1308 2564; x_wconf 78' lang='grc' dir='ltr'><strong>Ι]</strong></span> <span class='ocrx_word' id='word_1_227' title='bbox 1333 2519 1462 2554; x_wconf 83' lang='lat' dir='ltr'>LXVIII</span> <span class='ocrx_word' id='word_1_228' title='bbox 1485 2522 1507 2554; x_wconf 87' lang='lat'>4</span> 
     </span>
     <span class='ocr_line' id='line_1_40' title="bbox 85 2564 1509 2612; baseline -0.004 -9"><span class='ocrx_word' id='word_1_229' title='bbox 85 2569 323 2603; x_wconf 80' lang='lat' dir='ltr'><strong>corismeracas</strong></span> <span class='ocrx_word' id='word_1_230' title='bbox 355 2568 362 2612; x_wconf 90' lang='grc' dir='ltr'>Ι</span> <span class='ocrx_word' id='word_1_231' title='bbox 389 2572 408 2604; x_wconf 87' lang='grc'><strong>5</strong></span> <span class='ocrx_word' id='word_1_232' title='bbox 434 2569 576 2612; x_wconf 83' lang='lat' dir='ltr'><strong>psoleon</strong></span> <span class='ocrx_word' id='word_1_233' title='bbox 601 2569 659 2602; x_wconf 91' lang='lat' dir='ltr'><strong>ille</strong></span> <span class='ocrx_word' id='word_1_234' title='bbox 683 2571 784 2602; x_wconf 83' lang='lat' dir='ltr'><strong>vocat</strong></span> <span class='ocrx_word' id='word_1_235' title='bbox 807 2577 870 2601; x_wconf 83' lang='lat' dir='ltr'><strong>nos</strong></span> <span class='ocrx_word' id='word_1_236' title='bbox 895 2566 986 2610; x_wconf 90' lang='lat' dir='ltr'><strong>quod</strong></span> <span class='ocrx_word' id='word_1_237' title='bbox 1010 2566 1166 2610; x_wconf 84' lang='lat' dir='ltr'><strong>psolenta</strong></span> <span class='ocrx_word' id='word_1_238' title='bbox 1190 2575 1359 2600; x_wconf 85' lang='lat' dir='ltr'><strong>ceraunon</strong></span> <span class='ocrx_word' id='word_1_239' title='bbox 1390 2564 1397 2610; x_wconf 84' lang='grc' dir='ltr'>Ι</span> <span class='ocrx_word' id='word_1_240' title='bbox 1427 2566 1448 2599; x_wconf 86' lang='grc'><strong>6</strong></span> <span class='ocrx_word' id='word_1_241' title='bbox 1472 2564 1509 2599; x_wconf 86' lang='lat' dir='ltr'><strong>id</strong></span> 
     </span>
     <span class='ocr_line' id='line_1_41' title="bbox 86 2611 1463 2659; baseline -0.003 -11"><span class='ocrx_word' id='word_1_242' title='bbox 86 2613 178 2658; x_wconf 82' lang='lat' dir='ltr'><strong>quod</strong></span> <span class='ocrx_word' id='word_1_243' title='bbox 201 2614 267 2648; x_wconf 79' lang='lat' dir='ltr'><strong>alii</strong></span> <span class='ocrx_word' id='word_1_244' title='bbox 285 2615 292 2659; x_wconf 83' lang='grc' dir='ltr'>Ι</span> <span class='ocrx_word' id='word_1_245' title='bbox 313 2617 331 2648; x_wconf 77' lang='lat'><strong>7</strong></span> <span class='ocrx_word' id='word_1_246' title='bbox 361 2614 438 2655; x_wconf 89' lang='lat' dir='ltr'><strong>nisi]</strong></span> <span class='ocrx_word' id='word_1_247' title='bbox 463 2614 492 2648; x_wconf 79' lang='lat' dir='ltr'><strong>si</strong></span> <span class='ocrx_word' id='word_1_248' title='bbox 518 2613 688 2649; x_wconf 72' lang='lat' dir='ltr'><strong>Weber-ue</strong></span> <span class='ocrx_word' id='word_1_249' title='bbox 709 2613 713 2657; x_wconf 92' lang='grc' dir='ltr'>Ι</span> <span class='ocrx_word' id='word_1_250' title='bbox 735 2616 754 2647; x_wconf 83' lang='grc'><strong>9</strong></span> <span class='ocrx_word' id='word_1_251' title='bbox 780 2612 871 2656; x_wconf 89' lang='lat' dir='ltr'><strong>quod</strong></span> <span class='ocrx_word' id='word_1_252' title='bbox 897 2612 981 2645; x_wconf 85' lang='lat' dir='ltr'><strong>libri</strong></span> <span class='ocrx_word' id='word_1_253' title='bbox 988 2625 1000 2644; x_wconf 90' lang='lat'><strong>.·</strong></span> <span class='ocrx_word' id='word_1_254' title='bbox 1023 2611 1081 2655; x_wconf 86' lang='lat' dir='ltr'><strong>qui</strong></span> <span class='ocrx_word' id='word_1_255' title='bbox 1106 2611 1269 2644; x_wconf 69' lang='lat' dir='ltr'><strong>Halmius</strong></span> <span class='ocrx_word' id='word_1_256' title='bbox 1289 2611 1294 2655; x_wconf 92' lang='grc' dir='ltr'>Ι</span> <span class='ocrx_word' id='word_1_257' title='bbox 1317 2612 1357 2646; x_wconf 91' lang='grc'><strong>11</strong></span> <span class='ocrx_word' id='word_1_258' title='bbox 1383 2615 1463 2645; x_wconf 89' lang='lat' dir='ltr'><strong>nota</strong></span> 
     </span>
    </p>
   </div>
  </div>
 </body>
</html>
