1728 2886
676 122 925 163 MENIPPEAE
1206 95 1209 99 ‘
1431 127 1511 166 197

36 286 42 295 ἱ
91 239 260 292 denique
282 242 464 282 omnibus
484 243 564 283 suis
586 243 760 283 numeris
781 242 1003 282 absolutum
1026 249 1097 292 est,
1119 243 1151 283 si
1172 242 1263 282 belli
1285 243 1514 283 homunculi

39 299 41 344 ᾗ
91 296 259 336 conlecti
279 305 392 346 sunt,
423 299 454 339 si
485 299 632 339 electus
652 300 782 346 locus,
817 298 849 339 si
877 305 1032 351 tempus
1052 299 1226 347 lectum,
1253 299 1284 339 si
1305 304 1514 351 apparatus

38 379 39 382 η
91 364 172 392 non
204 354 416 404 neglectus.
459 368 532 395 nec
560 356 744 407 loquaces
771 362 899 394 autem
929 358 1052 408 inquit
1082 356 1262 396 convivas
1293 368 1366 396 nec
1387 362 1515 396 mutos

90 408 219 460 legere
242 417 417 462 oportet,
447 411 536 462 quia
568 411 790 463 eloquentia
811 411 851 450 in
874 412 960 451 foro
982 417 1021 451 et
1040 412 1143 464 apud
1164 412 1366 461 subsellia,
1396 412 1515 453 silen-

91 465 186 504 tium
210 479 299 506 vero
322 480 403 507 non
425 468 464 506 in
488 468 663 507 convivio
686 469 751 508 sed
774 468 813 506 in
838 468 1019 507 cubiculo
1043 481 1126 508 esse
1148 468 1277 508 dehet.
1327 481 1517 509 sermones

90 523 209 573 iyitur
229 523 269 562 id
287 527 465 576 temporis
483 524 670 564 habendos
690 531 809 564 censet
829 536 907 563 non
927 537 1042 576 super
1061 525 1173 565 rebus
1193 528 1325 566 anaeiis
1344 533 1412 565 aut
1432 534 1514 566 tor-

30 594 33 627 j
88 581 207 618 tuosis
225 581 290 619 sed
309 581 496 620 iucundos
515 587 625 634 atque
646 580 861 620 invitabiles
890 587 925 619 et
954 594 1039 620 cum
1070 582 1233 634 quadam
1263 581 1448 622 inlecebra
1478 590 1512 623 et

87 634 278 687 voluptate
307 637 437 682 utiles,
476 649 524 677 ew
564 637 696 689 quibus
728 639 922 688 inqenium
951 645 1125 677 nostrum
1155 641 1352 678 venustius
1379 638 1450 690 siat
1479 647 1514 679 et

88 695 298 732 ainoenius.
340 694 442 744 quod
466 694 643 745 profecto
665 696 787 746 inquit
809 693 972 739 eveniet,
1001 693 1032 733 si
1054 694 1101 733 de
1123 694 1159 733 id
1182 707 1308 746 genus
1328 695 1447 735 rebus
1467 695 1516 735 ad

88 758 337 797 communem
359 750 457 789 vitae
478 762 591 790 usum
613 750 903 802 pertinentibus
932 750 1252 797 confabulemur,
1288 751 1336 790 de
1371 752 1514 803 quibus

87 803 126 843 in
149 805 234 845 foro
255 811 371 857 atque
393 806 432 845 in
456 807 623 858 negotiis
643 806 783 857 agendi
807 819 887 845 non
910 813 969 846 est
985 807 1120 846 otium.
1161 807 1364 847 dominum
1386 814 1517 848 autem

87 862 212 913 inquit
232 863 397 902 convivii
421 876 504 903 esse
526 868 682 914 oportet
706 876 785 902 non
806 869 884 902 tam
906 863 1053 902 lautum
1077 876 1191 915 quam
1213 865 1298 904 sine
1319 865 1512 914 sordibus,

16 914 27 963 J
87 924 126 956 et
161 918 199 957 in
238 919 412 958 convivio
449 920 523 971 legi
555 933 634 959 non
666 920 796 959 omnia
826 919 969 959 debent
992 921 1058 959 sed
1082 933 1124 959 ea
1148 921 1392 972 potissimum
1415 934 1514 973 quae

12 1002 21 1019 „
86 973 200 1014 simul
229 975 307 1014 sint
333 975 536 1031 βιωφελῆ
565 983 604 1015 et
624 976 831 1016 delectent.
872 989 987 1029 neque
1017 989 1097 1016 non
1118 977 1160 1016 de
1180 978 1350 1017 secundis
1370 991 1514 1031 quoque

9 1038 27 1054 ²
86 1034 234 1078 mensis,
255 1035 362 1071 cuius
384 1033 487 1072 modi
505 1045 578 1072 esse
598 1045 661 1072 eas
681 1041 862 1085 oporteat,
875 1035 1075 1086 praecipit.
1105 1033 1163 1073 his
1180 1036 1281 1074 enim
1296 1034 1419 1074 verbis
1433 1037 1513 1075 uti-

84 1094 171 1126 tur:
188 1087 345 1127 hellaria
364 1091 486 1142 inquit
504 1102 544 1128 ea
563 1090 728 1128 maxime
745 1096 837 1129 sunt
862 1090 1006 1128 mellita
1023 1102 1121 1141 quae
1138 1090 1283 1129 mellita
1305 1103 1383 1130 non
1406 1096 1512 1139 sunt,

13 1146 19 1176 ἰ
85 1144 312 1196 πέμμασιν
329 1146 434 1185 enim
452 1158 540 1185 cum
558 1147 699 1199 πέψει
716 1146 880 1186 societas
896 1147 1028 1185 infida,
1045 1148 1144 1199 quod
1159 1146 1277 1186 Varro
1294 1149 1337 1186 in
1353 1147 1431 1187 loco
1446 1147 1514 1188 hoc

12 1204 20 1253 ,ξ
85 1199 185 1240 dimit
205 1201 374 1249 bellaria,
396 1215 442 1241 ne
458 1206 541 1255 quis
559 1203 660 1254 forte
681 1206 723 1242 in
744 1205 816 1242 ista
837 1215 924 1242 voce
949 1203 1113 1251 haereat,
1133 1203 1323 1256 siqnificat
1347 1205 1386 1244 id
1399 1217 1514 1244 voca-

86 1255 214 1296 bulum
234 1270 345 1298 omne
367 1271 515 1298 mensae
534 1259 717 1299 secundae
736 1272 876 1311 yemis,
898 1272 988 1299 nam
1018 1272 1111 1312 quae
1141 1261 1353 1313 πέμματα
1380 1259 1516 1300 Graeci

13 1307 18 1326 ³
85 1320 154 1352 out
173 1313 430 1370 τραγήματα
451 1316 653 1362 dimerunt,
674 1329 717 1356 ea
743 1323 883 1355 veteres
902 1320 1025 1356 nostri
1049 1316 1206 1356 bellaria
1225 1317 1514 1370 appellaverunt

743 1428 778 1467 11
798 1426 858 1481 (2)

226 1507 263 1546 in
287 1507 463 1546 convivio
485 1507 561 1558 legi
594 1520 667 1547 nec
699 1508 829 1548 omnia
860 1508 1006 1549 debent
1027 1515 1065 1549 et
1085 1522 1130 1549 ea
1146 1509 1391 1562 potissimum
1412 1522 1512 1562 quae

11 1577 15 1580 ·
84 1563 197 1602 simul
227 1563 306 1603 sint
334 1563 537 1628 βιωφξλῆ
566 1570 605 1603 et
624 1564 821 1604 delectent
840 1565 992 1616 potius,
1025 1572 1068 1606 ut
1097 1566 1134 1606 id
1156 1579 1315 1618 quoque
1335 1567 1510 1607 videatur

19 1634 22 1636 ’
86 1632 165 1658 non
189 1619 358 1660 defuisse
381 1632 504 1672 magis
526 1633 642 1672 quam
663 1621 904 1678 superfuisse

681 1765 916 1800 OCTOGESIS

579 1835 681 1878 περὶ
713 1831 1012 1878 νομισμάτων

750 1914 765 1953 Ι

353 1984 559 2031 postquam
581 1982 687 2021 avida
708 1915 987 2034 libidd)rapere
1008 1986 1053 2023 ac
1074 1984 1236 2023 caedere
1258 1984 1388 2036 coepit

352 2049 470 2088 seque
493 2037 648 2089 opificio
671 2051 750 2078 non
774 2038 952 2090 probiter
971 2040 1125 2092 clepere

736 2116 771 2156 11

223 2181 263 2221 in
286 2194 363 2233 quo
383 2183 551 2223 nobilius
567 2189 627 2224 est
643 2119 888 2237 Philippffim
905 2185 1011 2236 quod
1033 2186 1256 2239 accipimus,
1274 2199 1388 2238 quam
1406 2188 1511 2240 quod

83 2236 266 2286 bibimus,
289 2250 373 2278 cum
398 2239 561 2279 alterum
582 2239 766 2281 addamus
788 2242 826 2280 in
851 2242 1022 2294 bulgam,
1045 2243 1210 2282 alterum
1231 2243 1272 2282 in
1295 2244 1460 2284 vesicam

734 2319 787 2359 111
827 2323 851 2361 4

225 2398 304 2425 non
327 2384 422 2426 haec
444 2399 507 2426 res
528 2387 575 2426 de
598 2386 748 2428 Venere
772 2322 881 2440 pa(et)a
904 2388 1075 2428 strabam
1097 2389 1188 2429 facit

197 2496 262 2529 340
289 2496 424 2529 Gellius
447 2496 459 2530 l
486 2498 539 2537 22,
564 2500 583 2530 4

196 2541 262 2574 342
285 2540 428 2574 Nonius
451 2553 484 2585 p.
511 2544 576 2576 510
602 2543 750 2586 probiter
782 2546 816 2575 et
833 2553 870 2585 p.
897 2544 940 2577 20
965 2543 1097 2587 clepere
1119 2544 1124 2588 Ι
1146 2545 1350 2580 aconcedere
1381 2549 1446 2580 aut
1470 2557 1529 2589 ae·

80 2585 298 2665 (ῧῗιοεᾱέὃέη
314 2587 380 2621 343
407 2586 449 2620 Ν.
473 2598 507 2630 p.
526 2589 569 2621 78
597 2588 696 2631 bulga
718 2589 723 2630 Ι
745 2587 907 2622 abdamus
935 2588 1142 2623 Guilielmus
1169 2590 1182 2634 ΙΙ
1214 2591 1280 2626 344
1303 2592 1509 2626 Priscianus

148 2640 183 2673 p.

1544 361 1602 396 336

1545 476 1603 509 337

1545 701 1603 734 338

1545 813 1603 847 339

1543 926 1601 961 340

1541 982 1601 1018 341

1543 1513 1600 1548 340

1541 1996 1600 2030 342

1539 2198 1597 2233 343
