1728 2886
623 116 1032 152 APOCOLOCYNTOSlS
1457 115 1536 154 235

114 233 380 273 delectabatur
400 232 579 272 laudibus
599 232 680 272 suis
701 232 883 273 Claudius
910 239 948 272 et
970 232 1152 285 cupiebat
1172 232 1316 272 diutius
1345 239 1535 284 spectare.
1555 233 1606 274 13

115 289 225 330 inicit
249 289 303 329 illi
334 301 494 329 manum
519 288 746 341 Talthybius
775 289 939 329 deorum
971 285 1166 343 [nuntius]
1197 295 1236 329 et
1265 288 1384 328 trahit
1413 288 1539 340 capite

116 345 320 391 obvoluto,
350 359 400 385 ne
421 346 509 397 quis
530 358 619 385 eum
641 346 764 397 possit
783 357 1018 398 agnoscere,
1050 358 1122 398 per
1142 357 1322 397 campum
1344 345 1539 393 Martium,

116 409 153 442 et
175 403 280 442 inter
299 402 470 442 Tiberim
502 409 539 441 et
561 402 660 441 viam
681 409 820 442 tectam
843 402 1046 442 descendit
1074 402 1118 442 ad
1151 403 1310 442 inferos.
1361 408 1539 442 anteces-

70 466 90 499 5
117 466 221 499 serat
236 459 310 498 iam
330 458 620 510 compendiaria
635 458 838 499 Narcissus
858 458 1022 499 libertus
1042 459 1088 498 ad
1110 465 1319 510 patronum
1342 458 1539 510 excipien-

115 515 209 555 dum
232 522 270 555 et
290 515 463 555 venienti
485 515 652 562 nitidus,
673 522 715 554 ut
736 522 817 554 erat
837 527 858 554 a
878 514 1053 563 balineo,
1085 514 1256 555 occurrit
1276 522 1314 554 et
1334 515 1404 557 ait:
1433 514 1540 566 ‘quid

115 573 153 612 di
168 571 214 612 ad
231 572 411 612 homines
422 570 456 610 ‘3'
473 571 664 611 ‘celerius’
681 572 810 623 inquit
826 571 1045 612 Mercurius
1062 576 1114 611 ‘et
1130 572 1262 612 venire
1280 584 1352 611 nos
1374 571 1539 611 nuntia’.

115 628 219 668 dicto
236 629 350 668 citius
365 627 566 668 Narcissus
588 628 723 667 evolat.
765 628 895 668 omnia
912 628 1098 680 proclivia
1118 635 1221 675 sunt,
1244 628 1354 668 facile
1376 628 1540 668 descen-

115 685 231 725 ditur.
274 685 404 736 itaque
425 685 599 736 quamvis
621 685 854 737 podagricus
875 691 995 731 esset,
1018 691 1220 724 momento
1241 684 1428 736 temporis
1450 697 1540 736 per-

55 749 92 783 io
120 742 226 782 venit
246 743 292 781 ad
315 742 469 780 ianuam
492 741 608 788 Ditis,
631 741 695 780 ubi
728 741 878 781 iacebat
899 740 1092 781 Cerberus
1120 741 1180 780 vel
1208 748 1251 780 ut
1281 741 1333 780 ait
1355 740 1540 782 Horatius

118 798 245 838 ‘belua
268 798 491 850 centiceps’.
534 798 717 849 pusillum
748 797 1002 850 perturbatur
1021 821 1076 827 --
1098 797 1298 838 subalbam
1330 809 1466 837 canem
1498 798 1537 837 in

115 854 264 895 deliciis
283 854 428 894 habere
449 855 677 894 adsueverat
696 877 750 883 -
772 861 813 893 ut
835 855 942 894 illum
965 854 1058 894 vidit
1078 867 1216 894 canem
1239 855 1407 906 nigrum,
1431 854 1540 894 villo-

115 924 223 959 sum
249 923 342 950 sane
365 924 445 950 non
469 923 583 962 quem
605 911 699 950 velis
719 911 788 950 tibi
810 911 849 950 in
872 910 1048 951 tenebris
1069 923 1290 951 occurrere.
1342 917 1380 950 et
1399 923 1540 963 magna

113 980 208 1007 xoce
225 966 432 1007 ‘Claudius'
449 967 576 1018 inquit
593 967 760 1007 veniet’.
801 980 889 1007 cum
913 967 1051 1018 plausu
1073 967 1294 1019 procedunt
1314 974 1538 1007 cantantes:

46 1030 84 1064 1⁵
114 1020 364 1080 εὑρήκαμεν
402 1026 703 1078 συγχαίρομεν
752 1024 813 1062 hic
836 1031 916 1063 enat
939 1023 979 1063 C.
1002 1024 1120 1064 Silius
1142 1024 1280 1064 consul
1301 1023 1539 1075 designatus,

114 1081 260 1120 Iuncus
282 1081 513 1133 praetorius,
537 1080 623 1120 Sex.
646 1080 826 1127 Traulus,
847 1080 897 1119 M.
918 1080 1097 1127 Helvius,
1120 1080 1286 1132 Trogus,
1309 1080 1430 1129 Cotta,
1448 1081 1477 1118 V
1481 1087 1539 1120 et-

112 1138 191 1178 tius
206 1137 361 1184 Valens,
383 1136 526 1176 Fabius
548 1137 700 1188 equites
716 1136 762 1176 R.
785 1149 883 1188 quos
905 1137 1108 1177 Narcissus
1128 1137 1217 1177 duci
1238 1137 1417 1177 iusserat
1457 1150 1539 1176 me-

113 1194 200 1234 dius
220 1200 303 1234 erat
323 1193 361 1234 in
393 1194 464 1233 hac
495 1193 738 1232 cantantium
769 1193 882 1232 turba
904 1193 1077 1233 Mnester
1106 1193 1390 1246 pantomimus,
1421 1206 1538 1245 quem

115 1250 297 1291 Claudius
318 1250 471 1290 decoris
492 1262 607 1290 causa
629 1250 822 1289 minorem
844 1250 1001 1289 fecerat.
1050 1250 1097 1289 ad
1118 1250 1363 1290 Messalinam
1386 1273 1438 1278 —
1462 1250 1539 1289 cito

49 1313 87 1347 20
115 1319 252 1347 rumor
271 1306 499 1359 percrebuit
520 1306 719 1346 Claudium
737 1307 887 1346 venisse
903 1329 958 1336 —
975 1306 1202 1347 convolant:
1225 1307 1341 1359 primi
1363 1307 1538 1346 omnium

115 1363 244 1403 liberti
256 1363 453 1416 Polybius,
470 1363 622 1415 Myron,
639 1363 872 1415 Harpocras,
889 1363 1123 1415 Amphaeus,
1141 1363 1421 1411 Pheronactus‚
1439 1376 1539 1415 quos

115 1420 297 1461 Claudius
326 1432 486 1466 omnes,
519 1419 660 1459 necubi
690 1420 900 1471 imparatus
928 1427 1050 1467 esset,
1082 1420 1348 1471 praemiserat.
1397 1420 1539 1460 deinde

51 1497 56 1503 ·
114 1477 300 1529 praefecti
322 1477 400 1516 duo
417 1476 546 1516 Iustus
561 1475 747 1516 Catonius
764 1483 802 1516 et
818 1476 978 1516 Rufrius
999 1476 1135 1516 Pollio.
1176 1476 1316 1516 deinde
1337 1476 1452 1516 amici
1469 1477 1539 1516 Sa-

115 1533 300 1573 turninus
315 1532 457 1573 Lusius
479 1539 517 1572 et
534 1533 638 1572 Pedo
657 1533 865 1585 Pompeius
882 1539 919 1572 et
935 1533 1070 1585 Lupus
1084 1540 1122 1572 et
1139 1533 1248 1573 Celer
1263 1533 1421 1573 Asinius
1443 1545 1539 1573 con·

51 1595 89 1629 25
117 1589 277 1630 sulares.
314 1589 521 1629 novissime
539 1590 668 1629 fratris
684 1589 773 1636 filia,
791 1589 939 1630 sororis
954 1590 1043 1637 filia,
1060 1590 1208 1642 generi,
1226 1590 1365 1637 soceri,
1387 1602 1538 1638 socrus,

116 1658 255 1686 omnes
282 1646 398 1698 plane
425 1646 722 1698 consanguinei.
765 1653 802 1685 et
830 1647 983 1698 agmine
1005 1647 1106 1686 facto
1129 1646 1287 1686 Claudio
1309 1653 1537 1686 occurrunt.

116 1715 215 1754 quos
246 1715 335 1742 cum
367 1703 521 1742 vidisset
553 1702 753 1748 Claudius,
785 1703 992 1742 exclamat:
1024 1700 1173 1744 πάντα
1205 1702 1348 1758 φίλων
1378 1701 1537 1758 πληρη,

116 1759 327 1811 ‘quomodo
358 1760 434 1798 huc
466 1759 623 1799 venistis
653 1757 762 1798 vos‘?'
794 1766 876 1799 tum
899 1759 1002 1799 Pedo
1033 1759 1260 1823 Pompeius:
1294 1759 1398 1811 ‘quid
1430 1759 1538 1808 dicis,

115 1816 232 1855 homo
254 1814 552 1856 crudelissime?
583 1816 737 1879 quaeris
758 1814 986 1879 quomodo?
1015 1816 1103 1868 quis
1125 1817 1227 1855 (nim
1252 1829 1324 1856 nos
1345 1816 1442 1856 alius
1463 1817 1539 1856 huc

46 1878 86 1912 30
115 1873 219 1912 misit
251 1885 366 1924 quam
399 1879 458 1918 tu,
491 1873 665 1911 omnium
699 1873 913 1917 amicorum
944 1871 1198 1913 interfector?
1228 1873 1267 1912 in
1297 1873 1357 1913 ius
1386 1885 1537 1913 eamus:

115 1941 188 1981 ego
210 1928 279 1968 tibi
301 1930 363 1969 hic
384 1929 496 1969 sellas
518 1928 746 1969 ostendam’.

228 1985 334 2025 ducit
355 1986 461 2025 illum
485 1985 530 2025 ad
554 1985 726 2025 tribunal
751 1985 884 2024 Aeaci:
917 1985 949 2025 is
979 1985 1063 2036 lege
1084 1984 1263 2025 Cornelia
1295 1997 1394 2037 quae
1416 1985 1463 2025 de
1485 1985 1536 2025 si·
1556 1986 1606 2026 14

115 2054 229 2082 carus
245 2042 319 2081 lata
336 2050 406 2088 est,
422 2042 646 2105 quaerebat.
684 2042 868 2094 postulat,
886 2054 1031 2081 nomen
1049 2042 1133 2081 eius
1148 2042 1332 2094 recipiat;
1353 2041 1430 2081 edit
1446 2041 1538 2082 sub

115 2098 388 2163 sciiptionem:
421 2099 569 2139 occisos
599 2105 800 2138 senatores
820 2097 969 2145 XXXV,
996 2098 1147 2150 equites
1168 2098 1213 2137 R.
1236 2097 1404 2145 CCXXI,
1435 2105 1539 2138 cete-

0 2154 2 2200 ξ
51 2162 91 2195 35
120 2168 184 2195 ros
200 2148 286 2196 όσα
302 2153 524 2209 ψάμαθός
539 2169 587 2196 τε
607 2153 727 2204 κόνις
741 2169 801 2196 τε.
833 2154 1061 2195 advocatum
1080 2167 1159 2194 non
1188 2155 1349 2195 invenit.
1381 2155 1538 2195 tandem

118 2212 295 2264 procedit
317 2212 358 2251 P.
381 2212 601 2258 Petronius,
622 2219 732 2251 vetus
753 2211 955 2251 convictoi
975 2212 1070 2258 eius,
1092 2211 1210 2251 homo
1232 2211 1440 2251 Claudiana
1463 2211 1539 2251 lin-

114 2280 190 2320 gua
211 2268 389 2314 disertus,
412 2275 450 2308 et
471 2268 639 2320 postulat
659 2268 966 2308 advocationem.
1000 2281 1080 2308 non
1103 2268 1228 2308 datur.
1260 2275 1417 2308 accusat
1434 2268 1538 2308 Pedo

116 2325 324 2377 Pompeius
341 2326 492 2377 magnis
513 2325 758 2364 clamoribus.
799 2324 935 2376 incipit
958 2331 1149 2376 patronus
1169 2324 1264 2364 velle
1286 2325 1537 2377 respondere.

115 2382 276 2428 Aeacus,
297 2381 414 2421 homo
436 2381 692 2429 iustissimus,
715 2388 814 2421 vetat
837 2387 873 2420 et
895 2381 1002 2421 illum
1024 2381 1142 2421 altera
1164 2387 1316 2421 tantum
1337 2388 1448 2433 parte
1467 2394 1537 2421 au·

228 2483 246 2514 ἵ
273 2481 424 2520 fortasse
454 2482 464 2514 i
496 2485 529 2514 et
547 2480 558 2526 ll
580 2483 620 2516 16
644 2481 785 2523 1υῐιίυ51ι
807 2483 845 2515 17
880 2491 984 2524 eques
1000 2481 1012 2523 ΙΙ
1034 2483 1074 2515 19
1099 2485 1179 2525 post
1210 2481 1334 2515 fecerat
1365 2481 1538 2515 nonnulla

114 2526 280 2559 videntur
301 2527 521 2560 intercidisse
537 2528 548 2570 u
568 2528 609 2561 21
634 2526 782 2569 pherona
802 2531 879 2560 otus
896 2526 908 2570 ΙΙ
928 2528 969 2561 23
989 2525 1094 2560 rofius
1118 2530 1226 2568 (corr.
1248 2528 1286 2559 in
1309 2525 1466 2570 rufius)p
1470 2536 1540 2560 om-

115 2569 205 2605 filius
223 2571 235 2614 ΙΙ
254 2572 296 2606 28
321 2582 383 2606 vos
415 2571 479 2605 huc
505 2575 569 2605 aut
592 2572 656 2605 huc
689 2581 750 2605 vos
782 2571 924 2605 venistis
958 2571 1095 2605 codzces
1124 2572 1333 2614 interpolati
1349 2571 1361 2615 ΙΙ
1379 2573 1423 2606 34
1446 2571 1538 2605 XXX

115 2617 247 2659 equites
272 2627 296 2651 r.
324 2616 351 2650 V
383 2620 536 2651 caeteros
560 2616 685 2651 ccxxi
709 2611 778 2651 ὅσα
796 2616 808 2660 ΙΙ
827 2618 868 2651 35
901 2616 1039 2650 desider
1041 2620 1124 2650 atur
1147 2616 1305 2651 Claudius
1337 2616 1538 2651 advocatum
