1728 2886
0 0 77 183 r
615 133 884 170 FRAGMENTA
1381 138 1459 176 115

0 187 32 238 ,ἒξ

0 238 34 301 {4
661 248 833 289 xxvnn

0 302 30 360 ξ
178 314 320 354 fallunt
342 326 415 353 nos
437 315 551 363 oculi,
573 316 735 367 vagique
755 329 895 358 sensus

0 362 29 407 ἕ(
178 382 365 423 oppressa
386 371 539 411 ratione
559 372 816 412 mentiuntur.

0 394 29 478 Ξ·
178 439 267 466 113111
290 427 420 475 turris,
440 439 565 479 prope
587 440 686 480 quae
705 430 890 480 quadrata
911 431 1046 481 surgit,

0 483 35 535 ’χ
178 484 329 523 detritis
349 483 487 535 procul
508 484 661 536 angulis
681 491 845 525 rotatur.

31 545 34 547 ’
95 546 115 579 5
174 539 390 592 Hyblaeum
410 540 554 591 refugit
574 547 680 581 satur
700 541 909 593 liquorem,

178 603 215 636 et
236 596 340 636 naris
361 596 502 636 casiam
522 597 752 649 frequenter
773 599 864 638 odit.

177 653 253 693 hoc
274 653 340 692 illo
361 653 483 704 magis
503 660 569 693 aut
588 654 719 694 minus
741 654 895 707 placere
912 671 915 674 ⁴

179 722 259 749 non
283 715 428 761 posset,
450 710 524 750 nisi
544 710 610 750 lite
631 710 823 751 destinata

176 772 400 818 pugnarent
420 766 538 806 dubio
561 772 698 807 tenore
717 780 856 808 sensus

150 833 170 865 6
194 832 294 866 maris

694 911 798 951 XXX

0 1011 15 1035 ,1
178 979 339 1027 somnia,
362 991 461 1031 quae
482 986 634 1019 mentes
654 979 795 1019 ludunt
816 979 1066 1020 volitantibus
1087 980 1248 1029 umbris,

0 1027 21 1085 ἐξ
177 1049 256 1076 11011
279 1035 440 1075 delubra
462 1035 575 1075 deum
599 1048 672 1075 nec
693 1035 738 1075 ab
760 1036 918 1076 aethere
940 1037 1102 1076 numina
1124 1037 1298 1086 mittunt,

11 1095 26 1110 '³'
175 1093 241 1132 sed
263 1092 335 1132 sibi
358 1092 524 1144 quisque
546 1092 648 1132 facit.
689 1104 778 1131 nam
802 1105 890 1133 cum
911 1098 1104 1145 prostrata
1125 1107 1267 1146 sopore

28 1187 33 1197 ὲ
179 1155 318 1200 urguet
338 1148 514 1188 membra
535 1149 645 1201 quies
666 1155 706 1189 01
723 1161 835 1189 mens
855 1149 939 1189 sine
960 1149 1134 1201 pondere
1156 1150 1267 1199 ludit,

22 1221 32 1239 t
55 1207 58 1210 ’
97 1211 116 1244 5
174 1205 358 1257 quicquid
381 1205 468 1245 luce
488 1206 574 1254 fuit,
595 1205 770 1245 tenebris
790 1206 880 1258 agit.
922 1205 1063 1259 oppida
1085 1206 1187 1246 bello

12 1269 19 1278 ·
175 1262 240 1313 qui
262 1262 385 1313 quatit
405 1268 443 1302 et
462 1262 625 1302 flammis
644 1262 886 1302 miserandas
906 1263 1008 1302 eruit
1028 1262 1158 1311 urbes,

175 1319 248 1358 tela
271 1318 370 1358 videt
392 1331 600 1371 versasque
620 1319 722 1359 acies
742 1326 780 1358 et
800 1320 939 1359 funera
960 1331 1096 1372 regum

174 1381 290 1426 atque
312 1376 555 1415 exundantes
575 1376 736 1428 profuso
758 1376 948 1428 sanguine
969 1389 1140 1428 campos.

174 1432 241 1483 qui
263 1443 399 1472 causas
419 1444 532 1471 orare
552 1433 692 1480 solent,
714 1432 898 1484 legesque
918 1433 1129 1484 forumque

75 1493 113 1527 10
170 1494 208 1527 et
228 1488 354 1541 pavidi
375 1495 546 1528 cernunt
566 1489 759 1528 inclusum
782 1489 917 1529 chorte
938 1489 1122 1529 tribunal.

175 1545 307 1584 condit
327 1557 463 1584 avarus
484 1558 579 1597 opes
599 1545 875 1597 defossumque
896 1546 1044 1586 invenit
1065 1558 1216 1586 aurum.

175 1606 335 1640 venator
355 1602 474 1641 saltus
495 1601 660 1641 canibus
682 1602 816 1664 quatit.
856 1602 973 1654 eripit
992 1602 1108 1643 undis

12 1659 40 1709 ἕξ·
174 1663 240 1697 3111
260 1658 402 1709 premit
423 1670 594 1698 eversam
615 1658 814 1710 periturus
837 1659 960 1698 navita
980 1671 1166 1711 puppem.

13 1707 39 1759 ἢ
173 1713 308 1754 scribit
328 1714 491 1754 amatori
511 1715 708 1762 meretrix,
730 1714 794 1754 dat
813 1715 986 1755 adultera
1007 1727 1163 1756 munus.

18 1762 43 1815 ’,ἓ
72 1776 111 1810 15
168 1772 221 1821 [et
244 1771 351 1810 canis
372 1771 410 1811 in
432 1771 581 1810 somnis
601 1770 744 1823 leporis
763 1771 921 1823 vestigia
941 1771 1067 1822 latrat]

34 1839 38 1841 “
172 1827 211 1866 in
235 1827 362 1867 noctis
383 1828 550 1879 spatium
571 1827 802 1867 miserorum
824 1827 985 1868 vulnera
1006 1828 1148 1868 durant

146 1895 186 1928 10
213 1893 312 1927 corde

663 1971 785 2013 XXXI
793 1972 814 1994 *

171 2039 302 2080 Indica
323 2050 534 2093 purpureo*
542 2041 680 2093 genuit
699 2052 762 2079 me
782 2039 896 2080 litore
917 2039 1043 2087 tellus,

226 2097 413 2137 candidus
434 2109 600 2138 accenso
622 2109 697 2149 qua
720 2096 821 2136 redit
843 2096 938 2136 orbe
959 2095 1052 2135 dies.

170 2153 233 2193 hic
254 2166 327 2206 ego
348 2154 500 2194 divinos
518 2154 621 2194 inter
641 2160 853 2205 generatus
883 2153 1056 2192 honores

40 2252 44 2258 ,
226 2210 369 2249 mutavi
389 2210 500 2250 Latio
520 2210 685 2251 barbara
706 2209 822 2249 verba
844 2222 956 2250 sono.

14 2302 17 2307 ,
94 2273 113 2305 5
171 2266 244 2306 iam
266 2266 415 2306 dimitte
436 2273 536 2315 tuos,
557 2267 682 2307 Paean
707 2280 728 2306 o
751 2266 949 2318 Delphice,
971 2277 1135 2318 cygnos:

39 2318 54 2359 ’ξ
225 2323 381 2374 dignior
402 2324 498 2363 haec
518 2336 590 2363 vox
613 2330 671 2364 est
692 2335 791 2375 quae
814 2330 878 2362 tua
900 2321 1043 2374 templa
1064 2321 1167 2361 colat

141 2401 225 2433 huic
257 2402 409 2433 carmini
441 2404 475 2433 et
502 2401 724 2443 sequentibus
752 2401 913 2432 Petronii
946 2409 1074 2432 nomen
1106 2398 1275 2431 Claudius
1306 2398 1451 2431 Binelus

25 2447 246 2488 praeposuit,
275 2447 448 2478 incertum
472 2449 594 2479 utrum
619 2445 772 2479 codicem
802 2455 905 2478 suum
928 2446 1090 2476 imitatus
1121 2453 1167 2476 an
1192 2443 1287 2486 quod
1308 2452 1450 2477 carmen

31 2490 69 2524 in
102 2491 221 2524 codice
255 2490 317 2524 illo
348 2491 563 2534 praecedent
590 2489 652 2533 (fr.
684 2489 814 2532 XXVI)
843 2490 1008 2522 Petronio
1040 2488 1228 2530 adsignari
1259 2489 1399 2522 viderat
1427 2501 1448 2522 a

126 2537 220 2569 cneio

143 2581 164 2614 2
187 2580 284 2615 rubet
309 2580 536 2614 Burmannus
552 2581 566 2625 11
584 2583 604 2615 3
638 2581 679 2613 de
703 2581 888 2621 elephanto
919 2578 1030 2613 bellua
1063 2578 1197 2614 divinos
1230 2580 1316 2637 inter
1348 2589 1447 2623 gene-

31 2628 121 2660 ntur
143 2624 263 2660 odores
286 2626 506 2659 Dracontius
530 2627 572 2659 de
596 2626 658 2658 deo
684 2625 702 2657 I
723 2624 794 2659 308

1130 2681 1179 2716 8*
