1728 2886
714 143 898 178 SATIRAE
1463 143 1514 181 37

293 271 462 310 aequum
482 264 541 298 est
559 257 722 298 induere
744 265 907 309 nuptam
927 265 1083 298 ventum
1107 258 1292 304 textilem,

294 315 419 368 palam
439 320 615 367 prostare
638 315 782 354 nudam
803 315 842 354 in
866 315 1008 354 nebula
1028 315 1130 354 linea
1140 313 1184 353 ‘2”

52 379 86 413 Η
211 371 218 426 Ι
245 372 349 423 quod
365 371 506 411 autem’
522 371 650 422 inquit
661 375 857 423 ‘putamus
872 371 1086 411 secundum
1104 371 1235 411 literas
1250 371 1517 411 difficillimum
1533 375 1586 415 56

22 467 35 478 „
97 441 182 470 esse
201 426 436 468 artificium?
476 439 548 479 ego
578 434 674 479 puto
697 427 891 467 medicum
915 434 954 467 et
975 428 1301 467 nummularium:
1333 428 1518 474 medicus,

18 498 20 500 ’
49 493 69 526 ε
97 485 182 537 quit
201 485 273 525 scit
289 485 380 537 quid
403 484 688 524 homunciones
708 484 810 523 intra
827 483 1052 536 praecordia
1070 496 1139 523 sua
1156 484 1325 523 habeant
1341 489 1379 523 et
1395 496 1521 536 quan-

96 542 146 581 do
167 541 288 581 febris
309 541 456 589 veniat,
487 541 603 580 etiam
633 541 665 580 si
695 540 780 580 illos
810 540 873 580 odi
904 540 1093 592 pessime,
1124 540 1230 591 quod
1261 541 1354 579 mihi
1384 541 1522 580 iubent

95 611 212 650 saepe
232 598 429 637 anatinam
451 597 601 649 parari3
633 597 938 643 nummularius,
970 597 1036 648 qui
1065 609 1135 648 per
1155 603 1361 647 argentum
1382 609 1446 636 aes
1467 598 1521 637 vi-

96 656 172 694 det.
214 667 302 694 nam
333 660 463 694 mutae
493 653 639 694 bestiae
669 653 993 693 laboriosissimae
1023 652 1141 693 boves
1179 659 1219 692 et
1248 665 1358 693 oves:
1391 653 1520 699 boves,

96 723 266 763 quorum
287 711 480 750 beneficio
500 723 642 762 panem
664 711 966 758 manducamus;
989 722 1090 758 oves,
1113 710 1217 761 quod
1239 710 1327 749 lana
1347 710 1433 749 illae
1450 722 1522 750 nos

27 774 66 808 10
95 768 286 819 gloriosos
317 767 476 807 faciunt.
516 773 555 806 et
585 767 736 806 facinus
766 767 991 817 indignum,
1031 766 1170 818 aliquis
1209 766 1360 806 ovillam
1396 772 1454 806 est
1483 772 1523 805 et

96 824 267 864 tunicam
288 824 417 863 habet.
459 836 550 875 apes
571 824 675 862 enim
697 835 768 874 ego
790 823 938 863 divinas
958 823 1101 863 bestias
1121 828 1230 875 puto,
1248 835 1347 875 quae
1362 823 1440 862 mel
1454 835 1522 862 vo-

30 885 223 927 HLmunt,
243 881 358 920 etiam
380 881 411 919 si
442 880 627 919 dicuntur
657 880 750 919 illud
770 892 791 918 a
812 880 900 919 Iove
921 880 1083 927 afferre;
1117 878 1123 931 Ι
1160 879 1246 918 ideo
1268 885 1397 919 autem
1417 892 1521 931 pun-

95 942 205 988 gunt,
229 936 318 987 quia
338 936 564 987 ubicunque
585 936 698 975 dulce
720 942 789 982 est,
804 935 865 974 ’ibi
886 941 923 975 et
943 936 1096 975 acidum
1118 936 1318 975 invenies'.

53 998 85 1031 11
213 991 219 1045 Ι
245 993 320 1031 iam
342 992 453 1031 etiam
486 992 741 1043 philosophos
772 992 819 1031 de
851 992 1009 1043 negotio
1031 992 1232 1038 deiciebat,
1255 1005 1344 1032 cum
1366 992 1520 1044 pittacia

29 1054 66 1090 15
94 1049 134 1089 in
154 1049 302 1101 scypho
323 1049 565 1088 circumferri
587 1054 823 1100 coeperunt,
856 1060 1033 1099 puerque
1054 1061 1175 1099 super
1194 1049 1270 1087 hoc
1290 1049 1441 1100 positus
1462 1049 1522 1087 of-

96 1105 224 1145 ficium
255 1105 493 1157 apophoreta
524 1105 712 1144 recitavit.
763 1108 981 1156 ‘argentum
1012 1104 1277 1144 sceleratum’:
1323 1105 1435 1144 allata
1465 1111 1522 1144 est

94 1174 236 1214 perna,
264 1173 383 1214 super
403 1173 516 1213 quam
538 1161 739 1200 acetabula
768 1166 881 1200 erant
909 1161 1047 1212 posita.
1088 1161 1298 1200 ‘cervical’z
1330 1161 1419 1200 offla
1441 1162 1522 1201 col-

97 1218 187 1258 laris
206 1218 316 1258 allata
338 1223 408 1258 est.
450 1218 647 1269 ‘serisapia
678 1223 716 1256 et
745 1217 1014 1257 contumelia’:
1045 1217 1302 1269 aecrophagie
1332 1218 1434 1257 saele
1454 1218 1521 1256 da-

96 1282 159 1322 tae
184 1281 278 1315 sunt
306 1281 345 1314 et
374 1281 514 1314 contus
543 1287 633 1314 cum
665 1274 777 1313 malo.
818 1274 941 1326 ‘porri
970 1280 1008 1314 et
1036 1274 1220 1326 persica’:
1258 1274 1452 1325 flagellum
1483 1280 1524 1314 et

29 1337 68 1372 2⁰
94 1331 262 1371 cultrum
284 1331 455 1383 accepit;
477 1335 666 1382 ‘passeres
686 1338 724 1370 et
752 1330 1022 1370 muscarium’:
1053 1343 1166 1370 uvam
1197 1343 1348 1382 passam
1379 1338 1417 1370 et
1446 1330 1522 1369 mel

95 1387 278 1427 Atticum.
319 1388 529 1427 ‘cenatoria
550 1394 589 1426 et
616 1387 818 1427 forensia’:
850 1387 978 1427 offlam
1001 1394 1040 1427 et
1060 1387 1210 1427 tabulas
1239 1388 1403 1439 accepit.
1445 1391 1520 1426 ‘ca-

98 1443 185 1483 nale
214 1450 253 1484 et
282 1444 450 1496 pedale’:
491 1444 603 1496 lepus
633 1451 671 1483 et
701 1444 804 1483 solea
836 1450 892 1483 est
913 1444 1037 1483 allata.
1078 1447 1279 1483 ‘muraena
1309 1450 1349 1484 et
1376 1443 1519 1483 litera’:

96 1512 244 1540 murem
267 1513 356 1540 cum
378 1512 471 1539 rana
492 1500 642 1552 alligata
673 1500 895 1551 fascemque
926 1500 1038 1540 betae
1067 1503 1216 1552 accepit.
1256 1500 1322 1539 diu
1344 1500 1519 1539 risimus:

96 1563 280 1597 sexcenta
297 1557 518 1596 huiusmodi
534 1558 707 1604 fuerunt,
720 1569 819 1607 qnae
835 1557 909 1595 iam
928 1556 1159 1596 exciderunt
1175 1556 1384 1596 memoriae
1398 1568 1519 1596 meae.

29 1619 66 1654 2⁵
208 1620 380 1653 ceterum
402 1613 599 1665 Ascyltos,
621 1613 919 1664 intemperantis
938 1613 1135 1659 licentiae,
1166 1625 1255 1652 cum
1277 1613 1407 1652 omnia
1427 1613 1519 1653 sub-
1535 1615 1587 1655 57

97 1669 183 1709 latis
213 1668 394 1709 manibus
423 1670 599 1708 eluderet
628 1675 666 1708 et
695 1682 818 1720 usque
849 1669 896 1708 ad
926 1669 1102 1709 lacrimas
1141 1670 1303 1717 rideret,
1341 1681 1445 1709 unus
1474 1681 1521 1708 ex

98 1725 324 1765 conlibertis
344 1725 640 1765 Trimalchionis
669 1725 898 1772 excanduit,
929 1726 961 1765 is
991 1726 1075 1778 ipse
1105 1726 1172 1778 qui
1202 1738 1319 1778 supra
1350 1738 1412 1765 me
1441 1726 1519 1766 dis-

96 1782 322 1829 cumbebat,
354 1788 392 1821 et
422 1782 526 1833 ‘quid
555 1782 673 1832 rides{
701 1782 828 1833 inquit
849 1781 1028 1822 ‘vervexi’
1072 1794 1122 1822 an
1153 1781 1222 1821 tibi
1254 1795 1333 1822 non
1365 1782 1523 1834 placent

96 1838 266 1878 lautitiae
296 1838 444 1878 domini
475 1836 580 1878 mei?
623 1844 663 1877 tu
695 1839 800 1878 enim
831 1838 982 1878 beatior
1012 1851 1053 1878 es
1082 1845 1121 1878 et
1151 1839 1354 1878 convivare
1383 1839 1522 1878 melius

28 1900 68 1935 ω
94 1895 210 1935 soles.
250 1895 301 1934 ita
324 1895 481 1934 tutelam
500 1894 617 1934 huius
637 1895 712 1934 loci
733 1895 895 1934 habeam
916 1895 1139 1947 propitiam,
1171 1901 1214 1934 ut
1234 1908 1306 1947 ego
1327 1895 1359 1935 si
1379 1908 1522 1935 secun-

96 1951 188 1991 dum
208 1951 317 1991 illum
337 1951 644 1998 discumberem,
676 1951 752 1990 iam
773 1951 826 1990 illi
848 1951 1017 1991 balatum
1038 1952 1245 1992 duxissem.
1284 1952 1428 1991 bellum
1450 1965 1521 2004 po-

97 2019 216 2055 mum,
238 2008 306 2060 qui
326 2008 499 2047 rideatur
514 2008 628 2055 alios3
650 2008 812 2059 larifuga
831 2008 962 2048 nescio
980 2008 1079 2060 quis,
1102 2014 1334 2056 nocturnus,
1357 2008 1423 2059 qui
1440 2021 1520 2048 non

98 2063 195 2104 valet
215 2064 349 2104 lotium
370 2077 496 2104 suum.
537 2064 583 2103 ad
604 2076 807 2112 summam,
829 2065 861 2104 si
882 2065 1210 2105 circumminxero
1232 2065 1353 2111 illum,
1375 2065 1524 2105 nesciet

97 2132 173 2172 qua
192 2121 325 2172 fugiat.
356 2134 436 2160 non
460 2121 702 2160 mehercules
722 2121 829 2161 soleo
851 2121 928 2161 cito
950 2122 1112 2168 fervere,
1128 2122 1195 2161 sed
1212 2122 1252 2160 in
1269 2121 1386 2161 molle
1402 2133 1521 2161 carne

30 2181 69 2217 8
95 2188 245 2218 vermes
275 2184 502 2218 nascuntur.
551 2178 661 2217 ridet.
702 2177 796 2228 quid
826 2177 964 2223 habet,
996 2179 1100 2229 quod
1130 2176 1281 2218 rideat?
1330 2178 1522 2229 numquid

98 2239 207 2286 pater
225 2234 347 2274 fetum
368 2234 462 2274 emit
480 2233 639 2274 lamna?
657 2246 797 2286 .eques
818 2234 1019 2274 Romanus
1040 2247 1101 2274 es:
1132 2240 1171 2274 et
1191 2247 1263 2286 ego
1283 2234 1387 2285 regis
1406 2234 1521 2274 filius.

99 2294 244 2342 “quare
285 2303 377 2342 ergo
409 2289 652 2331 servivisti?''
693 2291 781 2342 quia
823 2291 906 2342 ipse
946 2303 1007 2330 me
1038 2291 1125 2330 dedi
1155 2291 1195 2330 in
1227 2291 1452 2331 servitutem
1483 2297 1522 2331 et

98 2345 214 2386 malui
232 2347 324 2386 civis
344 2347 545 2387 Romanus
574 2358 658 2387 esse
689 2359 805 2398 quam
835 2346 1075 2387 tributarius.
1116 2353 1155 2387 et
1184 2359 1291 2387 nunc
1320 2359 1437 2399 spero
1458 2360 1522 2387 me

97 2402 152 2442 sic
182 2403 329 2450 vivere,
358 2410 403 2443 ut
433 2404 579 2444 nemini
600 2404 709 2443 iocus
730 2404 815 2443 sim.
855 2404 974 2443 homo
996 2405 1099 2443 inter
1120 2404 1298 2444 homines
1317 2416 1424 2451 sum,
1456 2417 1521 2444 ca-

30 2462 71 2498 4⁰
97 2458 175 2511 pite
195 2466 331 2512 aperto
352 2460 527 2510 ambulo;
558 2472 684 2500 assem
705 2460 896 2499 aerarium
920 2461 1066 2500 nemini
1088 2459 1233 2510 debeo;
1265 2461 1521 2501 constitutum

211 2593 252 2627 18
276 2593 426 2632 tortasse
458 2593 684 2636 xerophagiae
715 2603 756 2626 ex
788 2593 858 2627 sale
877 2594 889 2637 ΙΙ
908 2595 949 2627 23
981 2593 1153 2636 alligatam
1180 2593 1192 2637 ΙΙ
1218 2595 1261 2628 24
1293 2594 1486 2628 ceciderunt
1508 2594 1521 2638 l}

97 2637 137 2671 31
164 2636 276 2671 balatu
300 2637 545 2672 intel-dixissem
571 2638 733 2671 Heinsius
749 2638 762 2682 u
781 2639 823 2673 36
847 2639 972 2679 lamna]
997 2639 1040 2672 al.
1068 2639 1140 2672 lena
1164 2642 1443 2684 superscriptum
