1728 2886
205 137 267 175 54
831 138 1036 174 PETRONu

212 253 344 304 itaque
365 264 439 304 ego
461 256 506 291 ut
526 257 782 304 experrectus
812 254 1047 305 pertrectavi
1077 255 1220 308 gaudio
1241 255 1500 309 despoliatum
1521 261 1652 298 torum
1687 301 1690 303 ,

210 366 241 405 si
263 377 341 416 qua
361 370 420 405 est
439 364 661 406 amantibus
681 365 790 416 fides,
813 379 886 419 ego
909 366 1099 416 dubitavi,
1129 380 1178 407 an
1201 373 1415 421 utrumque
1445 369 1653 411 traicerem

209 421 337 474 gladio
368 433 633 474 somnumque
663 423 782 463 morti
822 423 1040 476 iungerem.
1080 424 1204 465 tutius
1244 425 1335 464 dein
1366 432 1525 467 secutus
1554 438 1652 467 con·
1678 427 1687 481 ¹J

207 479 337 518 silium
359 477 502 518 Gitona
524 479 680 530 quidem
703 479 935 520 verberibus
964 481 1150 534 excitavi,
1181 482 1367 534 Ascylton
1399 487 1528 523 autem
1549 483 1652 524 truci

205 535 369 575 intuens
386 534 497 575 vultu
528 536 743 587 ‘quoniam’
774 537 934 589 inquam
965 538 1095 577 ‘fidem
1116 538 1265 578 scelere
1295 538 1446 579 violasti
1476 545 1516 580 et
1544 551 1653 580 com-

207 604 369 632 munem
401 592 632 641 amicitiam,
656 605 719 634 res
749 599 836 634 tuas
866 594 977 636 orius
1006 594 1100 634 tolle
1130 600 1169 634 et
1199 595 1318 635 alium
1348 595 1502 646 locum,
1533 608 1651 648 quem

207 648 374 701 polluas,
396 648 566 700 quaere’.
1679 663 1685 706 J

322 718 403 745 non
426 706 659 757 repugnavit
678 706 754 754 ille,
776 706 844 746 sed
864 711 1073 759 postquam
1094 707 1242 760 optima
1262 708 1338 748 fide
1359 709 1491 761 partiti
1510 721 1652 750 manu·
1690 738 1691 742 ,

140 762 195 806 80
208 760 291 801 bias
320 774 476 810 sumus,
508 762 604 813 ‘age’
634 763 764 814 inquit
794 766 918 803 ‘nunc
956 770 996 803 et
1033 776 1200 816 puerum
1231 764 1471 806 dividamus’.
1530 765 1651 807 iocari
1687 797 1696 813 .,

209 818 394 870 putabam
415 818 696 859 discedentem.
737 819 860 859 atille
891 820 1062 872 gladium
1091 821 1314 872 parricidali
1344 834 1465 863 manu
1494 822 1652 864 strinxit
1674 841 1682 870 χ

210 881 247 914 et
268 879 364 914 ‘non
387 874 543 914 frueris'
564 875 694 927 inquit
725 876 811 915 ‘hac
832 876 999 928 praeda,
1030 890 1151 930 super
1171 890 1288 930 quam
1310 879 1418 919 solus
1438 878 1650 920 incumbis.

207 937 358 983 partem
381 943 507 971 meam
530 944 691 973 necesse
721 939 780 972 est
808 933 868 973 vel
899 934 974 974 hoc
1004 934 1131 986 gladio
1153 940 1406 987 contemptus
1425 935 1649 977 abscidam'.

206 988 311 1028 idem
341 1001 414 1041 ego
445 1001 493 1028 ex
522 988 644 1028 altera
674 995 785 1041 parte
817 990 890 1030 feci
922 996 960 1030 et
990 990 1139 1031 intorto
1169 991 1274 1031 circa
1303 991 1509 1033 brachium
1530 993 1649 1044 pallio

208 1045 415 1097 composui
435 1045 483 1085 ad
504 1045 778 1097 proeliandum
800 1047 977 1098 gradum.
1039 1047 1145 1088 inter
1181 1048 1284 1088 hanc
1313 1049 1550 1090 miserorum
1580 1050 1649 1090 de·
1681 1101 1686 1106 θ

206 1101 392 1141 mentiam
421 1099 713 1142 infelicisssmus
741 1115 843 1155 puer
862 1104 1050 1156 tangebat
1070 1105 1276 1156 utriusque
1297 1117 1428 1157 genua
1448 1118 1538 1146 cum
1555 1107 1651 1147 fletu
1675 1120 1676 1123 ¹
1710 1121 1714 1127 ⁴

205 1158 442 1210 petebatque
462 1159 713 1211 suppliciter,
745 1172 796 1200 ne
817 1159 1051 1201 Thebanum
1072 1173 1144 1213 par
1172 1161 1331 1202 humilis
1349 1162 1513 1203 taberna
1533 1175 1649 1216 spec·
1676 1197 1696 1205 ,

204 1219 317 1264 taret,
341 1226 438 1255 neve
457 1215 650 1267 sanguine
669 1222 809 1256 mutuo
831 1217 1099 1268 pollueremus
1119 1218 1390 1260 familiaritatis
1410 1220 1647 1262 clarissimae
1682 1255 1691 1270 „

204 1283 325 1311 sacra.
358 1272 477 1323 ‘quod
502 1272 533 1312 si
555 1272 705 1324 utique’
721 1273 989 1325 proclamabat
1011 1274 1199 1315 ‘facinore
1220 1288 1321 1328 opus
1337 1282 1407 1325 est,
1431 1276 1539 1317 nudo
1554 1288 1647 1319 ecce
1680 1322 1695 1331 „y

203 1327 394 1379 iugulum,
415 1329 632 1369 convertite
653 1330 731 1369 huc
760 1343 921 1378 manus,
953 1331 1164 1383 imprimite
1185 1344 1411 1374 mucrones.
1451 1345 1526 1386 ego
1547 1333 1647 1375 mori
1675 1359 1677 1361 ·

204 1383 350 1434 debeo,
383 1385 450 1436 qui
481 1386 675 1425 amicitiae
705 1393 996 1427 sacramentum
1028 1388 1177 1428 delevi'.
1218 1389 1464 1431 inhibuimus
1494 1391 1645 1432 serrum

203 1446 293 1492 post
312 1441 383 1481 has
413 1453 574 1493 preces,
606 1448 645 1482 et
665 1443 775 1495 prior
796 1444 975 1496 Ascyltos
996 1445 1096 1497 ‘ego’
1118 1445 1249 1497 inquit
1269 1446 1404 1487 ‘finem
1426 1447 1647 1489 discordiae

201 1497 415 1549 imponam.
456 1510 557 1550 puer
586 1499 691 1550 ipse,
724 1512 840 1551 quem
862 1501 963 1550 vult,
995 1507 1204 1553 sequatur,
1236 1508 1281 1543 ut
1301 1503 1351 1544 sit
1370 1503 1426 1544 illi
1445 1505 1582 1545 saltem
1604 1505 1646 1546 in
1670 1527 1674 1531 ·

202 1553 383 1605 eligendo
405 1555 526 1594 fratre
546 1551 678 1611 [salva]
701 1556 887 1597 libertas'.
930 1569 1003 1610 ego
1026 1558 1094 1609 qui
1114 1559 1415 1600 vetustissimam
1431 1567 1646 1603 consuetu·
1668 1562 1671 1563 ’

201 1610 335 1650 dinem
358 1610 543 1663 putabam
564 1612 604 1651 in
627 1613 831 1663 sanguinis
850 1613 996 1666 pignus
1016 1615 1225 1664 transisse,
1250 1616 1348 1656 nihil
1367 1617 1502 1666 timui,
1523 1618 1644 1660 immo
1664 1640 1669 1650 ι
1710 1640 1713 1649 =

201 1667 478 1707 condicionem
493 1669 698 1721 praecipiti
714 1669 968 1710 festinatione
984 1671 1097 1723 rapui
1114 1673 1372 1726 commisique
1388 1674 1507 1715 iudici
1522 1675 1642 1717 litem.

200 1724 270 1774 qui
291 1737 341 1764 ne
362 1724 589 1764 deliberavit
610 1725 767 1777 quidem
780 1756 790 1774 ,
822 1732 866 1767 ut
886 1727 1084 1767 videretur
1104 1735 1335 1779 cunctatus,
1356 1743 1492 1772 verum
1513 1732 1643 1774 statim
1670 1730 1671 1733 '

199 1779 248 1819 ab
281 1787 456 1821 extrema
486 1787 598 1834 parte
629 1781 738 1822 verbi
769 1784 1019 1824 consurrexit
1049 1793 1083 1825 et
1112 1785 1274 1826 fratrem
1293 1786 1480 1840 Ascylton
1511 1788 1667 1841 elegit<

198 1837 429 1877 fulminatus
444 1838 516 1877 hac
534 1839 872 1890 pronuntiatione,
890 1841 946 1880 sic
961 1846 1005 1880 ut
1021 1853 1139 1889 eram,
1150 1842 1236 1882 sine
1252 1843 1380 1895 gladio
1396 1844 1437 1884 in
1454 1845 1643 1886 lectulum
1671 1862 1677 1874 ²

199 1892 338 1941 decidi,
356 1900 396 1934 et
410 1894 625 1935 attulissem
643 1895 738 1935 mihi
755 1896 962 1938 damnatus
977 1909 1130 1947 manus,
1147 1899 1179 1938 si
1196 1912 1278 1940 non
1295 1900 1444 1941 inimici
1455 1902 1641 1943 victoriae
1662 1905 1673 1950 f

197 1949 435 1991 invidissem.
476 1952 678 2003 egreditur
707 1953 905 2004 superbus
935 1966 1023 1994 cum
1056 1956 1232 2007 praemio
1254 1956 1431 2010 Ascyltos
1462 1964 1501 1999 et
1521 1959 1662 2012 paulox

196 2012 287 2046 ante
318 2007 561 2048 carissimum
593 2008 668 2048 sibi
698 2010 1005 2051 commilitonem
1037 2011 1299 2064 fortunaeque
1321 2013 1438 2054 etiam
1458 2015 1664 2066 similitu-1

195 2062 287 2103 dine
309 2076 442 2116 parem
466 2064 505 2104 in
528 2064 616 2105 loco
637 2066 850 2118 peregrino
871 2067 1049 2108 destituit
1069 2068 1277 2110 abiectum.

391 2120 397 2174 1
425 2133 572 2161 nomen
594 2122 786 2162 amicitiae
807 2123 876 2172 sic,
899 2131 1095 2176 quatenus
1116 2126 1285 2178 expedit,
1307 2127 1465 2177 baeret;

468 2178 643 2219 calculus
662 2179 703 2219 in
725 2179 858 2220 tabula
878 2181 1022 2221 mobile
1043 2181 1152 2221 ducit
1173 2195 1286 2234 opus.

399 2246 489 2273 cum
511 2235 669 2275 fortuna
690 2243 836 2284 manet,
859 2237 1008 2278 vultum
1031 2239 1206 2287 servatis,
1228 2240 1364 2290 amici3

467 2303 557 2331 cum
581 2292 735 2340 cecidit,
757 2293 863 2345 turpi
883 2294 1034 2334 vertitis
1055 2307 1123 2335 ora
1143 2296 1247 2349 fuga.

395 2415 489 2454 grex
511 2404 590 2455 agit
609 2404 650 2444 in
672 2417 812 2446 scaena
833 2406 1017 2447 mimum:
1039 2414 1150 2460 pater
1170 2408 1234 2449 ille
1248 2415 1432 2458 vocatur,

466 2459 569 2501 filius
589 2461 665 2510 hic,
689 2475 836 2503 nomen
858 2463 986 2504 divitis
1006 2463 1070 2504 ille
1091 2470 1212 2506 tenet.

311 2548 351 2580 10
364 2549 563 2589 simplicius
574 2549 658 2583 haec
672 2550 841 2586 dicentem
854 2550 867 2595 ΙΙ
883 2554 922 2587 12
940 2555 1122 2588 contentus
1145 2553 1343 2588 abscindam
1361 2553 1376 2599 ΙΙ
1391 2556 1434 2590 23
1452 2555 1547 2590 salva
1564 2544 1652 2590 om}

193 2590 449 2633 Scaligeranm
465 2592 477 2636 ΙΙ
496 2594 538 2627 25
547 2598 638 2637 puto
651 2596 777 2640 arripui
790 2607 833 2630 ae
845 2597 974 2631 deindo
985 2599 1017 2632 ei
1030 2598 1134 2633 iudici
1153 2599 1165 2642 ΙΙ
1182 2600 1225 2634 33
1238 2600 1267 2634 si
1283 2599 1297 2645 ss
1313 2601 1356 2635 35
1369 2599 1450 2635 dum
1462 2598 1650 2647 Iahniuef
1691 2636 1694 2645 ,

193 2637 235 2669 36
260 2636 351 2670 cedit
374 2637 573 2672 Bit-hardus
588 2639 600 2683 ΙΙ
620 2641 661 2674 37
687 2644 860 2684 quattuor
884 2644 947 2676 hos
970 2654 1093 2677 versus
1123 2645 1191 2678 huc
1221 2645 1354 2679 inlatos
1372 2648 1462 2689 puto
1486 2645 1634 2681 aliunde
1653 2698 1656 2702 .
1691 2673 1693 2678 Α
