1728 2886
219 127 306 165 Δ146
850 126 1046 161 CARMINA

845 240 1039 280 xxxxnl

377 309 485 349 Velle
505 308 597 361 quid
620 309 722 348 hanc
743 309 860 356 dicas,
882 308 1056 361 quamvis
1077 309 1149 349 sim
1171 309 1338 361 ligneus,
1359 310 1525 357 hastam,

430 366 564 406 oscula
586 365 649 405 dat
671 366 797 405 medio
820 366 852 405 si
873 378 948 417 qua
970 365 1099 418 puella
1120 364 1244 405 mihi?

377 434 526 475 augure
548 435 628 462 non
652 435 751 475 opus
772 428 852 463 est:
877 422 930 462 ‘in
951 421 1026 462 me’
1047 422 1142 462 mihi
1165 423 1323 470 credite,
1345 422 1440 462 dixit

431 483 577 519 ‘utetur
596 480 698 520 veris
718 479 865 520 viribus
884 480 992 519 hasta
1014 479 1147 520 rudis’.

868 581 1081 621 XXXXIIlI

378 648 507 689 Nolite
529 649 672 696 omnia,
694 661 794 700 quae
814 649 967 700 loquor,
988 655 1127 702 putare

380 718 453 757 per
472 705 600 745 lusum
624 705 718 744 mihi
739 717 811 758 per
832 706 1041 758 iocumque
1063 707 1152 746 dici.

380 762 596 814 deprensos
618 774 690 813 ego
713 767 773 801 ter
793 767 1009 814 quaterque
1032 763 1138 803 fures

381 831 532 867 omnes,
555 832 606 859 ne
627 818 824 866 dubitetis,
846 819 1058 859 irrumabo.

861 921 1031 961 XXXXV

382 988 478 1028 Cum
501 988 695 1040 quendam
718 988 865 1038 rigidus
886 989 982 1029 deus
1001 988 1150 1029 videret

381 1045 546 1085 ferventi
567 1051 685 1098 caput
703 1045 876 1085 ustulare
898 1047 1017 1092 ferro,

382 1107 426 1142 ut
445 1102 602 1142 Maurae
623 1102 758 1142 similis
780 1103 881 1142 foret
900 1103 1065 1154 puellae,

383 1159 504 1198 ‘heus'
525 1159 655 1210 inquit
675 1159 758 1199 ‘tibi
779 1159 955 1207 dicimus,
977 1159 1149 1207 cinaede,

305 1223 324 1255 5
381 1227 473 1255 uras
493 1222 532 1256 te
553 1216 644 1255 licet
663 1228 788 1268 usque
809 1221 1084 1268 torquemque,

384 1285 479 1312 num
501 1273 658 1312 tandem
681 1273 791 1325 prior
813 1285 854 1313 es
875 1273 1016 1325 puella,
1040 1285 1198 1325 quaeso,

384 1341 502 1381 quam
518 1334 623 1377 sunt,
646 1330 819 1369 mentula
840 1342 939 1381 quos
954 1330 1084 1378 habet,
1107 1327 1278 1381 capilli?

856 1431 1045 1470 XXXXVl

385 1498 416 1538 Ο
441 1511 521 1538 non
544 1497 747 1538 candidior
768 1499 896 1550 puella
917 1499 1065 1546 Mauro,

386 1555 454 1595 sed
475 1554 698 1595 morbosior
719 1555 904 1595 omnibus
924 1555 1108 1603 cinaedis,

385 1612 579 1664 Pygmaeo
600 1612 758 1651 brevior
777 1624 914 1664 gruem
935 1612 1112 1660 timente,

387 1669 489 1709 ursis
510 1669 688 1720 asperior
708 1669 962 1721 pilosiorque,

308 1734 328 1765 5
386 1725 507 1765 Medis
527 1725 650 1765 laxior
670 1725 860 1765 Indicisve
881 1725 1021 1772 bracis,

387 1795 522 1822 manes
541 1782 605 1822 hic
626 1783 717 1822 licet
737 1788 781 1822 ut
800 1782 969 1822 libenter
988 1782 1085 1821 ires:

387 1851 477 1879 nam
500 1840 672 1891 quamvis
692 1839 823 1879 videar
841 1839 933 1879 satis
954 1845 1124 1891 paratus,

388 1908 595 1936 erucarum
616 1909 716 1949 opus
735 1902 795 1936 est
814 1896 948 1936 decem
970 1895 1163 1948 maniplis,

389 1953 511 1993 fossas
532 1953 705 2005 inguinis
725 1958 769 1992 ut
788 1958 910 1993 teram
931 1952 1139 2004 dolemque

294 2017 332 2050 10
390 2010 513 2050 cunni
534 2010 768 2050 vermiculos
788 2009 1069 2050 scaturrientis.

850 2110 1056 2150 XXXXVII

391 2179 629 2231 Quicunque
649 2184 834 2225 vestrum,
855 2178 922 2230 qui
942 2178 1082 2218 venitis
1102 2178 1149 2218 ad
1172 2190 1320 2226 cenam,

390 2235 513 2276 libare
534 2235 663 2275 nullos
683 2235 852 2276 sustinet
870 2235 964 2274 mihi
986 2247 1133 2283 versus,

393 2293 494 2333 illius
513 2304 614 2332 uxor
633 2298 699 2332 aut
720 2292 843 2332 amica
864 2291 1019 2331 rivalem

392 2349 624 2390 lasciviendo
646 2349 887 2401 languidum,
908 2360 1064 2401 precor,
1084 2347 1231 2395 reddat,

316 2414 335 2446 5
393 2412 432 2446 et
450 2406 533 2459 ipse
553 2407 669 2458 longa
691 2411 807 2445 nocte
829 2405 994 2445 dormiat
1014 2404 1121 2446 solus

392 2462 610 2503 libidinosis
629 2463 813 2503 incitatus
833 2462 972 2502 erucis.

356 2533 520 2585 iixxxm
540 2551 808 2595 postXXXXllll
826 2553 978 2595 pom-tm·
1000 2551 1104 2593 volgo
1136 2549 1142 2592 ι
1172 2551 1190 2584 1
1216 2548 1265 2583 sic
1288 2548 1422 2592 ligneus
1446 2551 1552 2583 astem
1574 2549 1697 2581 Dm·-

241 2597 362 2630 villz‘ns
382 2599 387 2637 Ι
409 2599 430 2631 4
453 2597 570 2631 usibus
586 2597 598 2642 n
616 2596 785 2630 XXXXVI
802 2599 821 2631 5
839 2597 960 2630 Indicis
984 2595 1115 2629 libratis
1136 2594 1141 2638 Ι
1163 2595 1183 2628 6
1207 2594 1344 2628 mallem
1367 2594 1499 2629 scilicet
1521 2597 1560 2628 ut
1582 2593 1669 2628 libet

244 2642 352 2687 perire
378 2643 420 2676 Is.
449 2643 592 2675 Vossius
616 2645 650 2675 et
673 2652 737 2685 ego
763 2644 1008 2686 temptavimus
1684 2641 1728 2664 -³''·
