1728 2886
720 102 907 138 PRIAPEA
1417 102 1500 141 145

218 230 302 270 qua
323 218 423 258 salva
444 217 529 258 sine
556 217 731 258 sectione
751 218 850 258 facta
1406 224 1447 258 10

224 281 397 327 ponetur
418 274 489 314 tibi
509 275 625 327 picta,
647 286 763 326 quam
783 274 933 321 levaris,

219 343 386 383 compar
405 331 698 383 consimilisque
718 330 1010 382 concolorque’.

224 388 405 439 promisit
424 389 508 428 fore
528 387 821 438 mentulamque
837 386 958 427 movit

225 456 299 495 pro
321 450 420 484 nutu
439 445 535 484 deus
555 449 594 483 et
612 449 748 496 rogata
767 443 871 483 fecit.

688 543 879 583 XXXVIII

222 622 463 676 Simpliciter
483 623 553 663 tibi
574 636 648 672 me,
672 623 935 675 quodcunque
957 628 1026 671 est,
1048 622 1178 663 dicere
1201 628 1373 676 oportet,

275 686 413 719 natura
434 686 494 720 est
513 680 696 732 quoniam
718 691 873 731 semper
893 684 1024 731 aperta
1046 679 1156 719 mihi:

221 736 403 788 pedicare
423 737 523 786 volo,
546 743 589 776 tu
608 737 664 777 vis
685 737 897 788 decerpere
917 747 1054 788 poma;

278 793 380 845 quod
402 800 508 846 peto,
530 794 562 833 si
583 793 747 840 dederis,
769 792 873 844 quod
895 792 1007 844 petis,
1029 792 1208 845 accipies.

678 893 888 932 XXXVIIII

223 971 363 1012 Forma
385 972 599 1012 Mercurius
622 977 751 1025 potest
771 972 938 1024 placere,

220 1029 347 1068 forma
368 1029 670 1081 conspiciendus
691 1034 750 1068 est
770 1028 922 1080 Apollo,

222 1085 418 1126 formosus
435 1097 594 1137 quoque
610 1085 789 1137 pingitur
805 1085 967 1137 Lyaeus,

222 1142 526 1182 formosissimus
546 1141 723 1181 omnium
744 1147 802 1181 est
823 1141 985 1193 Cupido.

222 1210 284 1238 me
305 1198 440 1251 pulcra
461 1199 586 1238 fateor
606 1210 740 1238 carere
762 1198 898 1246 somna,
1422 1202 1443 1236 5

216 1267 355 1295 verum
377 1255 550 1295 mentula
571 1255 771 1295 luculenta
793 1259 934 1295 nostra.
945 1259 1023 1294 est:

221 1311 323 1351 hanc
343 1312 488 1351 mavult
507 1311 580 1352 sibi
601 1323 717 1363 quam
739 1311 834 1351 deos
858 1310 1021 1362 priores,

217 1367 252 1407 si
274 1380 348 1420 qua
370 1375 429 1409 est
449 1381 529 1408 non
550 1368 644 1408 fatui
664 1367 793 1420 puella
814 1367 949 1407 cunni.

712 1457 852 1496 XXXX

218 1525 319 1566 Nota
340 1525 566 1566 Suburanas
586 1526 690 1565 inter
710 1523 1099 1576 Telethusa-puellas,

271 1594 383 1634 quae,
404 1587 512 1635 pum,
533 1582 581 1622 de
602 1587 765 1634 quaestu
785 1581 907 1620 libera
927 1582 1026 1620 facta
1046 1593 1116 1621 suo
1139 1586 1210 1627 est,

215 1639 344 1692 cingit
367 1640 543 1678 inaurata
564 1651 707 1691 penem
730 1637 812 1685 tibi,
835 1643 983 1686 sancte,
1005 1649 1175 1677 corona:

271 1695 378 1735 bunc
399 1696 575 1748 pathicae
595 1695 736 1735 summi
758 1694 932 1734 numinis
952 1694 1075 1734 instar
1095 1693 1254 1733 habent.

706 1795 861 1835 XXXXI

219 1874 407 1927 Quisquis
427 1875 578 1914 venerit
597 1875 686 1923 huc,
708 1880 823 1927 poeta
845 1875 910 1914 fiat

217 1938 259 1971 et
278 1943 413 1971 versus
434 1931 526 1970 mihi
549 1931 702 1971 dedicet
721 1932 888 1972 iocosos.
976 1935 977 1938 ’

221 1988 289 2039 qui
311 2001 391 2028 non
414 1988 561 2035 fecerit,
583 1988 688 2028 inter
708 1987 881 2028 eruditos

222 2044 474 2085 ficosissimus
495 2044 666 2084 ambulet
686 2050 833 2097 poetas.
857 2081 860 2084 Α

696 2145 872 2185 XXXXII

222 2223 363 2264 Laetus
384 2224 624 2276 Aristagoras
645 2225 746 2265 natis
765 2224 868 2264 bene
890 2224 1022 2263 vilicus
1043 2222 1127 2262 uvis

273 2280 320 2320 de
341 2293 428 2321 cera
450 2281 548 2321 facta
569 2281 633 2321 dat
654 2280 726 2320 tihi
746 2293 874 2333 poma,
897 2280 1005 2320 deus.

222 2341 261 2376 at
282 2342 324 2377 tu
346 2337 484 2377 sacrati
507 2342 718 2378 contentus
738 2337 907 2388 imagine
928 2337 1033 2389 pomi

274 2393 334 2434 sac
353 2405 465 2434 veros
486 2395 637 2434 fructus
657 2393 733 2442 ille,
758 2393 908 2446 Priape,
930 2394 1040 2433 ferat.

36 2547 46 2552 „
183 2514 335 2549 XXXVII
359 2516 401 2550 12
424 2525 528 2559 parva
553 2519 588 2550 et
602 2514 857 2559 consimilisque
875 2513 888 2559 ss
904 2513 1026 2548 XXXX
1042 2517 1055 2549 1
1072 2514 1217 2548 celesina
1233 2512 1502 2552 Laurentianus

30 2554 47 2587 ’ἕ
66 2559 115 2593 dd
138 2563 191 2593 est
213 2559 370 2594 Telesina
397 2560 403 2604 Ι
431 2562 452 2595 2
476 2564 557 2604 puta
582 2561 694 2594 codex
719 2558 1018 2604 Guelferbytanus
1042 2559 1054 2604 ΙΙ
1079 2558 1229 2594 ΧΧΧΧῙΙ
1259 2561 1279 2594 2
1304 2560 1413 2596 factas
1436 2561 1497 2597 dat

35 2633 44 2639 ,
70 2604 135 2639 tibi
159 2604 249 2639 dona
274 2606 459 2649 Hauptim.
507 2615 594 2649 cera,
620 2605 724 2648 fundi,
748 2605 807 2639 dat
831 2606 1048 2639 conieceram

141 2664 274 2695 Petroni!
292 2666 403 2695 tatii-uo
424 2665 470 2694 od.
490 2665 530 2694 111
1180 2662 1221 2696 10
