1728 2886
158 142 247 181 234
784 142 979 178 SENECAE

160 258 280 297 deum
300 256 451 296 efferri:
475 256 712 306 tubicinum,
734 257 996 306 cornicinum,
1019 258 1148 298 omnis
1169 259 1323 310 generis
1339 267 1592 302 aeneatorum

161 320 270 355 tanta
290 313 426 361 turba,
456 320 589 354 tantus
610 321 849 361 concentus,
879 322 922 354 ut
952 315 1064 355 etiam
1087 314 1269 356 Claudius
1293 317 1427 356 audire
1448 325 1592 370 posset.

164 382 304 411 omnes
326 370 428 419 laeti,
450 370 612 411 hilares:
635 371 806 423 populus
822 371 1024 412 Romanus
1041 371 1265 412 ambulabat
1279 380 1466 425 tanquam
1482 373 1593 416 liber.

165 428 315 480 Agatho
338 433 374 466 et
395 428 510 479 pauci
531 428 715 468 causidici
736 428 965 480 plorabant,
995 429 1062 468 sed
1083 428 1200 480 plane
1222 441 1270 468 ex
1290 430 1435 470 animo.
1475 431 1594 472 iuris·
1670 426 1697 475 ἑὲ,

163 484 336 526 consulti
358 496 379 523 e
400 484 576 525 tenebris
594 485 873 537 procedebant,
897 485 1041 538 pallidi,
1063 485 1238 538 graciles,
1260 487 1322 526 vix
1338 487 1507 527 animam
1527 487 1595 528 ba·
1625 496 1644 529 5
1676 485 1695 536 ⁷³}

165 542 319 589 bentes,
341 547 525 593 tanquam
548 542 614 593 qui
635 548 718 581 tum
735 543 900 582 maxime
920 542 1207 583 reviviscerent.
1243 555 1290 582 ex
1311 543 1371 584 his
1386 556 1490 584 unus
1505 556 1594 585 cum
1681 535 1697 587 «ᾗ,

166 599 326 639 vidisset
342 599 470 651 capita
487 599 740 639 conferentes
756 606 794 639 et
810 599 988 642 fortunas
1000 611 1090 639 suas
1108 599 1359 652 deplorantes
1377 600 1607 648 causidicos.
1694 612 1695 617 ’

166 656 318 696 accedit
347 662 386 695 et
418 655 492 695 ait:
527 655 715 695 ‘dicebam
747 655 876 696 vobis:
911 669 992 695 non
1023 668 1178 708 semper
1208 656 1427 697 Saturnalia
1457 658 1607 698 erunt’.
1683 683 1699 707 μ

169 713 353 754 Claudius
384 719 427 752 ut
454 712 549 752 vidit
570 713 690 753 funus
719 725 857 760 suum,
888 712 1079 753 intellexit
1108 725 1149 752 se
1178 720 1379 754 mortuum
1409 727 1508 755 esse.
1547 715 1610 756 in·
1669 706 1700 754 '55‘

164 771 278 822 genti
300 769 405 810 enim
427 767 604 824 μεγάλῳ
624 769 786 824 χορικιιῦ
806 770 946 809 naenia
968 769 1196 810 cantabatur
1216 772 1455 823 anapaestis:
1629 778 1642 812 1
1665 783 1668 787 ’

440 827 605 866 ‘fundite
626 826 752 873 fletus,
774 826 875 866 edite
896 826 1090 878 planctus,

422 902 425 903 ⁷
443 890 604 924 resonet
625 883 726 923 tristi
748 883 917 923 clamore
939 884 1090 923 forum:

443 940 583 980 cecidit
605 940 768 993 pulchre
790 940 970 981 cordatus
990 940 1120 989 homo,

444 1010 523 1049 quo
546 1010 626 1037 non
649 997 746 1038 alius
767 997 841 1037 fuit
861 997 901 1037 in
924 1003 1006 1037 toto

444 1054 584 1094 fortior
605 1053 715 1094 orbe.
1380 1061 1399 1093 5

444 1112 507 1152 ille
530 1111 648 1151 citato
669 1112 826 1151 vincere
849 1123 967 1150 cursu

444 1175 600 1221 poterat
622 1168 782 1215 celeres,
805 1167 868 1207 ille
890 1167 1058 1207 rebelles

444 1226 610 1265 fundere
632 1226 797 1265 Parthos
818 1225 1044 1276 levibusque
1066 1224 1177 1275 sequi

445 1282 604 1322 Persida
625 1282 726 1329 telis,
749 1288 932 1333 certaque
955 1293 1073 1320 mauu

445 1339 608 1379 tendere
631 1351 807 1385 nervum,
830 1339 896 1390 qui
918 1338 1150 1390 praecipites
1364 1343 1400 1377 10

445 1396 607 1436 vulnere
627 1408 746 1448 parvo
767 1396 906 1447 figeret
926 1395 1070 1442 hostes,

446 1454 630 1505 pictaque
653 1453 752 1492 Medi
771 1459 879 1504 terga
901 1451 1061 1503 fugacis.

447 1510 511 1550 ille
533 1509 744 1550 Britannos
764 1509 866 1548 ultra
888 1509 971 1547 noti

448 1567 562 1607 litora
584 1566 697 1618 ponti

449 1630 488 1664 et
509 1623 712 1663 caeruleos
732 1628 842 1662 scuta
864 1622 1068 1674 Brigantas
1364 1625 1400 1659 15

449 1681 541 1721 dare
562 1679 764 1720 Romuleis
784 1678 882 1719 colla
905 1678 1052 1718 catenis

449 1737 562 1778 iussit
583 1744 622 1776 et
643 1737 770 1789 ipsum
793 1748 892 1775 nova
913 1735 1110 1775 Romanae

449 1795 534 1834 iura
555 1793 704 1834 securis
724 1800 893 1833 tremere
916 1792 1130 1832 Oceanum.

450 1851 591 1891 deflete
613 1851 751 1895 virum,
774 1862 852 1902 quo
875 1862 954 1889 non
977 1849 1075 1889 alius

450 1908 579 1960 potuit
600 1907 714 1947 citius
733 1906 882 1947 discere
904 1917 1054 1954 causas,
1365 1909 1404 1942 20

451 1977 529 2005 una
551 1972 703 2004 tantum
725 1970 834 2016 parte
855 1963 995 2009 audita,

450 2034 566 2074 saepe
589 2034 640 2061 ne
662 2028 761 2061 utra.
803 2020 890 2072 quis
913 2031 1020 2059 nunc
1041 2019 1156 2058 iudex

451 2085 534 2118 toto
556 2078 643 2118 lites
663 2078 794 2118 audiet
814 2075 951 2117 anno?

452 2136 522 2176 tibi
544 2135 618 2175 iam
641 2135 751 2175 cedet
771 2134 862 2174 sede
884 2133 1030 2177 relicta,

453 2193 520 2244 qui
542 2192 606 2232 dat
628 2192 775 2245 populo
796 2191 882 2230 iura
903 2189 1044 2236 silenti,
1371 2193 1408 2226 25
1467 2232 1469 2234 ¹

454 2249 610 2289 Cretaea
633 2256 775 2288 tenens
796 2247 937 2300 oppida
959 2253 1132 2286 centum.

453 2306 601 2346 caedite
623 2305 780 2345 maestis
801 2310 960 2356 pectora
982 2303 1133 2356 palmis,

455 2376 477 2402 o
499 2362 695 2409 causidici,
718 2361 851 2402 venale
873 2372 1010 2411 genus.

453 2432 599 2471 vosque
621 2426 758 2472 poetae
780 2418 910 2469 lugete
932 2417 1034 2465 novi,

452 2489 600 2528 vosque
622 2477 661 2516 in
685 2475 821 2528 primis
837 2474 904 2526 qui
925 2485 1119 2514 concusso
1370 2475 1408 2509 30

455 2545 597 2585 magna
617 2532 782 2585 parastis
803 2531 909 2571 lucra
932 2529 1098 2570 fritillo.'

299 2624 312 2655 1
335 2625 529 2655 senatorum
547 2621 559 2665 11
577 2623 597 2655 6
615 2631 691 2655 cum
712 2621 776 2654 alii
791 2620 803 2664 ΙΙ
822 2622 842 2654 9
861 2619 999 2663 lugente
1016 2618 1161 2659 conieci,
1183 2611 1422 2661 μεγαληγορίᾳ
1442 2611 1595 2657 Iunia-⁹11

187 2670 226 2701 15
249 2670 337 2711 puto
363 2667 451 2700 victa
469 2668 481 2710 1}
501 2668 543 2700 22
570 2672 604 2700 et
629 2670 746 2700 neutra
772 2666 879 2699 editio
902 2667 1068 2708 princeps
