1820 2918
238 151 263 190 g
846 150 1047 185 ΡΕΤΒΟΝΠ

239 266 395 307 tationis
425 265 634 306 accessisse
654 265 777 304 video.
819 266 978 317 grandis
1008 271 1046 305 et
1075 271 1118 305 ut
1147 265 1198 304 ita
1218 264 1342 304 dicam
1364 264 1507 316 pudica
1537 264 1732 304 oratioLO

239 336 320 363 non
343 329 401 362 est
420 322 615 362 maculosa
637 334 709 361 nec
730 322 896 373 turgida,
927 322 993 362 sed
1025 322 1190 361 naturali
1211 320 1503 373 pulchritudine
1524 333 1659 361 exsur-

237 380 305 431 git.
347 391 475 430 nuper
493 384 655 417 ventosa
686 378 805 418 istaec
827 385 866 418 et
886 379 1058 419 enormis
1078 378 1293 430 loquacitas
1314 377 1487 417 Athenas
1508 389 1554 417 ex
1571 377 1661 417 Asia

237 435 506 487 commigravit
544 435 774 486 animosque
814 435 997 475 iuvenum
1038 435 1083 474 ad
1123 447 1264 487 magna
1304 439 1510 485 surgentes
1546 434 1663 473 veluti

236 492 435 544 pestilenti
457 491 624 542 quodam
645 491 771 531 sidere
791 492 951 540 afflavit,
982 492 1181 543 semelque
1211 497 1397 542 corrupta
1426 490 1559 540 regula
1581 490 1663 530 elo·
1692 500 1712 532 5

237 548 398 600 quentia
417 548 522 587 stetit
541 553 580 587 et
601 547 807 588 obmutuit.
848 548 895 588 ad
915 560 1103 588 summam
1116 578 1126 595 ,
1149 547 1236 599 quis
1257 553 1390 599 postea
1412 546 1662 599 Thucydidis,

238 605 325 657 quis
346 604 550 657 Hyperidis
571 604 618 643 ad
640 605 778 644 famam
801 603 1037 657 processit‘l
1062 617 1107 644 ac
1139 616 1188 643 ne
1220 615 1377 643 carmen
1400 603 1556 654 quidem
1578 604 1663 643 sani

238 661 380 701 coloris
401 661 552 709 enituit,
574 660 640 700 sed
663 662 792 700 omnia
815 661 924 712 quasi
946 661 1082 700 eodem
1103 660 1191 700 cibo
1213 665 1322 711 pasta
1344 672 1425 699 non
1449 665 1664 711 potuerunt

238 730 362 769 usque
384 718 429 757 ad
450 723 691 757 senectutem
713 730 931 757 canescere.
972 717 1124 769 pictura
1147 728 1305 769 quoque
1333 728 1413 755 non
1443 716 1561 756 alium
1583 716 1663 756 exi-

237 779 320 814 tum
342 774 444 821 fecit,
465 779 673 826 postquam
689 774 969 826 Aegyptiorum
990 773 1148 813 audacia
1170 779 1248 812 tam
1264 785 1426 824 magnae
1447 773 1540 813 artis
1557 785 1664 813 com·
1695 779 1732 813 10

238 830 480 883 pendiariam
502 830 675 869 invenit!

183 889 208 929 3
352 899 433 926 non
455 892 514 926 est
528 898 664 938 passus
679 886 947 938 Agamemnon
965 898 1028 925 me
1043 886 1188 925 diutius
1204 886 1421 925 declamare
1436 886 1477 925 in
1493 885 1662 938 porticu,

239 955 355 994 quam
376 943 458 995 ipse
479 943 519 981 in
542 943 674 982 schola
695 943 918 990 sudaverat,
950 943 1015 982 sed
1039 942 1294 982 ‘adulescens'
1315 942 1443 994 inquit
1465 943 1664 994 ‘quoniam

237 1011 460 1040 sermonem
481 999 600 1039 habes
629 1012 710 1038 non
740 999 887 1051 publici
917 999 1067 1050 saporis
1097 1005 1154 1047 et,
1187 999 1291 1050 quod
1321 999 1562 1039 rarissimum
1593 1004 1664 1047 est,

238 1068 342 1096 amas
363 1055 508 1095 bonam
529 1061 716 1104 mentem,
741 1069 820 1095 non
853 1055 1040 1094 fraudabo
1073 1061 1110 1095 te
1131 1061 1214 1095 arte
1233 1062 1395 1095 secreta.
1427 1055 1526 1095 nihil
1547 1055 1662 1095 nimi-
1694 1060 1731 1094 15

240 1124 329 1152 rum
350 1112 389 1152 in
410 1112 470 1152 his
490 1112 832 1152 exercitationibus
849 1112 1028 1151 doctores
1044 1119 1220 1164 peccant,
1243 1112 1309 1164 qui
1333 1124 1492 1152 necesse
1513 1112 1663 1152 habent

238 1181 328 1209 cum
349 1168 634 1209 insanientibus
662 1169 806 1208 furere.
848 1181 938 1208 nam
970 1168 1043 1208 nisi
1072 1168 1242 1208 dixerint
1263 1181 1361 1220 quae
1382 1169 1664 1209 adulescentuli

238 1225 422 1278 probent,
443 1231 487 1264 ut
502 1225 554 1264 ait
570 1225 719 1273 Cicero,
743 1225 842 1266 “soli
863 1225 904 1264 in
926 1225 1069 1265 scholis
1085 1225 1400 1276 relinquentur''.
1431 1226 1533 1265 sicut
1551 1222 1662 1281 [ficti]

238 1281 457 1321 adulatores
487 1294 576 1321 cum
607 1294 724 1322 cenas
753 1281 913 1321 divitum
943 1286 1118 1334 captant,
1161 1282 1256 1321 nihil
1287 1282 1396 1334 prius
1427 1282 1666 1322 meditantur

240 1350 355 1390 quam
386 1338 423 1377 id
455 1338 557 1389 quod
590 1344 730 1390 putant
760 1338 1023 1390 gratissimum
1054 1338 1296 1378 auditoribus
1318 1339 1424 1378 fore:
1457 1351 1530 1378 nec
1559 1339 1665 1378 enim
1694 1344 1732 1378 20

240 1394 350 1434 aliter
370 1394 636 1446 impetrabunt
666 1395 771 1446 quod
801 1400 962 1446 petunt,
996 1395 1069 1434 nisi
1100 1395 1285 1446 quasdam
1316 1394 1475 1435 insidias
1504 1395 1665 1436 auribus

240 1451 426 1490 fecerint:
447 1451 503 1491 sic
520 1451 767 1502 eloquentiae
784 1451 982 1503 magister,
1006 1451 1079 1491 nisi
1102 1458 1286 1503 tanquam
1305 1451 1475 1503 piscator
1491 1464 1574 1491 eam
1591 1453 1664 1492 im-

239 1507 415 1559 posuerit
434 1507 559 1547 hamis
581 1520 727 1556 escam,
760 1520 875 1558 quam
906 1507 1039 1547 scierit
1067 1509 1310 1560 appetituros
1338 1520 1421 1548 esse
1442 1508 1663 1560 pisciculos,

185 1566 211 1604 4
242 1563 326 1603 sine
356 1576 425 1615 spe
455 1564 620 1615 praedae
649 1564 867 1603 morabitur
895 1564 934 1603 in
959 1564 1133 1616 scopulo.
1175 1565 1265 1616 quid
1289 1576 1383 1616 ergo
1406 1563 1492 1604 est?
1522 1577 1664 1617 paren-

241 1625 299 1659 tes
319 1619 588 1672 obiurgatione
609 1620 717 1673 digni
738 1626 850 1668 sunt,
883 1620 949 1672 qui
982 1621 1123 1660 nolunt
1151 1621 1295 1660 liberos
1316 1633 1408 1661 suos
1429 1634 1560 1661 severa
1582 1622 1668 1674 lege
1697 1628 1735 1661 25

238 1677 444 1728 proficere.
485 1677 654 1728 primum
677 1677 781 1716 enim
802 1676 858 1717 sic
878 1682 922 1716 ut
942 1677 1093 1725 omnia,
1125 1690 1214 1729 spes
1245 1689 1403 1730 quoque
1434 1690 1523 1718 suas
1543 1678 1667 1718 ambi-

238 1732 337 1772 tioni
358 1732 518 1772 donant.
558 1733 698 1773 deinde
720 1746 809 1773 cum
831 1734 877 1773 ad
899 1739 983 1772 vota
1005 1740 1232 1785 properant,
1253 1735 1373 1774 cruda
1395 1734 1520 1774 adhuc
1541 1735 1667 1775 studia

240 1789 280 1828 in
313 1789 441 1828 forum
473 1789 626 1840 pellunt
656 1796 694 1829 et
724 1789 1007 1841 eloquentiam,
1038 1802 1112 1841 qua
1145 1790 1242 1829 nihil
1271 1802 1356 1831 esse
1387 1790 1511 1831 maius
1541 1793 1667 1831 confi-

240 1850 395 1892 tentur,
426 1846 558 1897 pueris
587 1845 758 1885 induunt
787 1846 912 1885 adhuc
945 1846 1206 1886 nascentibus.
1257 1847 1361 1898 quod
1382 1847 1414 1887 si
1436 1853 1668 1900 paterentur

184 1915 187 1918 ’
239 1901 417 1940 laborum
439 1901 580 1953 gradus
608 1903 713 1949 fieri,
744 1909 788 1941 ut
817 1902 978 1942 studiosi
1009 1902 1168 1943 iuvenes
1188 1903 1357 1943 lectione
1378 1916 1509 1944 severa
1530 1905 1668 1956 irriga·
1696 1910 1735 1944 30

239 1963 398 2006 rentur,
429 1963 472 1997 ut
491 1958 705 2010 sapientiae
727 1959 947 2010 praeceptis
968 1959 1117 1999 animos
1149 1966 1455 2012 componerent,
1486 1966 1530 2000 ut
1549 1962 1666 2002 verba

240 2014 360 2053 atroci
383 2015 469 2054 stilo
491 2015 731 2062 effoderent,
768 2021 811 2055 ut
831 2015 935 2066 quod
955 2015 1099 2055 vellent
1126 2015 1267 2055 imitari
1298 2017 1362 2056 diu
1392 2017 1593 2063 audirent,
1623 2025 1667 2059 ut

235 2072 506 2122 persuaderent
522 2071 595 2111 sibi
613 2072 710 2111 nihil
726 2084 810 2111 esse
826 2071 1088 2123 magnificum,
1111 2073 1213 2123 quod
1231 2073 1363 2124 pueris
1379 2073 1573 2125 placeret:
1590 2075 1666 2114 iam

240 2127 303 2166 illa
326 2127 484 2179 grandis
515 2128 639 2167 oratio
669 2128 832 2167 haberet
852 2128 1062 2168 maiestatis
1083 2141 1175 2168 suae
1204 2130 1372 2181 pondus.
1415 2142 1523 2170 nunc
1552 2132 1664 2183 pueri

241 2183 281 2222 in
303 2183 446 2223 scholis
467 2183 620 2232 ludunt,
642 2185 801 2224 iuvenes
821 2185 1001 2225 ridentur
1021 2185 1059 2224 in
1083 2186 1182 2233 foro,
1206 2191 1244 2225 et
1264 2186 1369 2237 quod
1390 2192 1560 2238 utroque
1580 2193 1664 2227 tur·
1697 2192 1735 2225 35

241 2239 329 2291 pius
350 2245 426 2288 est,
459 2240 563 2291 quod
596 2241 760 2292 quisque
780 2253 986 2293 perperam
1008 2241 1159 2290 didicit,
1190 2242 1230 2281 in
1262 2249 1464 2282 senectute
1485 2244 1665 2284 confiteri

242 2308 322 2335 non
345 2296 436 2335 vult.
476 2297 542 2336 sed
565 2309 615 2336 ne
646 2310 707 2337 me
729 2303 842 2349 putes
862 2297 1103 2349 improbasse
1123 2298 1326 2338 schedium
1347 2299 1570 2340 Lucilianae
1592 2301 1665 2341 bu-

241 2352 426 2400 militatis,
449 2353 553 2404 quod
575 2354 715 2402 sentio,
737 2358 775 2393 et
794 2353 877 2406 ipse
898 2354 1072 2394 carmine
1094 2355 1295 2407 effingam:

357 2465 373 2498 1
401 2464 510 2506 video]
536 2467 570 2497 et
593 2464 669 2498 ideo
688 2464 700 2508 ΙΙ
718 2466 737 2498 3
762 2465 866 2498 istaec
891 2466 1038 2498 omisere
1057 2465 1083 2498 0
1101 2465 1112 2509 ΙΙ
1131 2467 1149 2499 5
1168 2465 1383 2510 eloquentiae
1408 2467 1523 2509 regula
1539 2467 1551 2511 ΙΙ
1571 2469 1590 2502 6
1609 2469 1665 2512 qui

241 2511 360 2551 postea
385 2509 426 2542 ad
451 2520 614 2542 summam
641 2509 821 2543 thucididis
840 2511 852 2552 ss
871 2511 910 2544 15
947 2510 1120 2543 minimum
1148 2521 1217 2554 pro
1250 2511 1403 2545 nimirum
1440 2512 1631 2546 Gulielmus
1653 2514 1667 2558 [Ι

244 2556 283 2587 17
311 2564 385 2587 nam
411 2555 486 2595 nisi]
506 2558 674 2597 quattuor
689 2566 778 2598 quae
793 2559 964 2588 secuntur
975 2556 1144 2598 periodos
1160 2558 1198 2589 in
1215 2557 1308 2589 hunc
1326 2557 1486 2590 ordinem
1501 2558 1666 2592 redactas

241 2610 313 2632 esse
337 2601 379 2632 ab
397 2601 629 2642 epitomatore
646 2600 817 2633 librorum
835 2601 1005 2642 quaedam
1022 2602 1173 2643 vestigia
1189 2603 1344 2643 probant
1358 2601 1370 2645 l}
1390 2603 1432 2637 26
1450 2603 1635 2638 ambitione
1649 2603 1663 2648 ΙΙ

240 2645 284 2678 28
309 2644 487 2688 impellunt
511 2644 581 2687 LO,
607 2645 802 2689 propellunt
831 2645 1071 2680 Tornaesiana
1090 2646 1162 2690 1129
1190 2646 1400 2681 discentibus
1425 2647 1574 2682 Iahnius
