1728 2886
224 146 305 186 200
824 146 1043 182 VARRONIS

811 261 951 300 xvim
973 263 1032 312 (4)

140 335 198 368 366
366 329 527 369 seientia
558 329 715 378 doceat,
751 329 1078 383 quemadmodum
1114 329 1155 368 in
1183 330 1368 382 psalterio
1399 330 1652 371 extendamus

227 398 377 426 nervias
778 396 781 398 ·

848 442 916 482 XX
937 444 1024 493 (17)

134 517 191 550 367
362 523 475 551 voces
506 511 768 564 Amphionem
797 509 1050 563 tragoedum,
1092 511 1227 551 iubeas
1271 511 1501 564 Amphionis
1535 523 1650 564 agere

225 568 364 620 partis;
387 567 638 608 infantiorem
662 581 778 620 quam
800 580 910 608 meus
929 574 988 608 est
1006 568 1126 607 mulio
1509 574 1510 577 ’

844 639 932 686 XXI
955 648 1042 698 (12)

134 720 191 754 368
366 722 403 755 et
423 715 460 755 id
483 715 620 755 dicunt
641 727 750 755 suam
773 715 985 756 Briseidem
1006 716 1243 768 producere,
1280 727 1380 767 quae
1416 715 1499 755 eius
1521 715 1651 755 nervia

225 778 390 812 tractare
411 772 561 813 solebat

829 827 934 867 XXII
956 829 1042 878 (19)

135 903 191 936 369
361 898 392 937 si
423 910 503 936 non
535 897 623 949 plus
652 896 921 936 testiculorum
952 895 1163 936 offenderis
1195 908 1312 948 quam
1334 896 1373 936 in
1396 902 1562 936 castrato
1583 908 1653 948 pe-

225 966 316 994 core
339 954 377 994 in
401 954 552 1006 Apulia,
573 954 710 993 vincor
731 966 811 993 non
836 966 920 994 esse
942 953 1158 993 masculum
1180 954 1226 992 ad
1248 965 1330 993 rem
1385 957 1387 959 ’

793 1087 922 1121 ΡΑΡΙΑ
950 1088 1091 1121 PAPAE

758 1157 859 1201 περὶ
890 1156 1127 1201 ἐγκωμίων

897 1237 910 1275 l

135 1313 191 1345 370
493 1318 591 1357 quos
613 1304 890 1357 calliblepharo
914 1239 1079 1344 n(a2t)urali
1100 1304 1311 1357 palpebrae

496 1363 641 1402 tinctae
661 1362 822 1402 vallatos
843 1361 977 1401 mohili
1009 1369 1143 1414 saepto
1165 1368 1304 1401 tenent

885 1441 919 1480 ΙΙ
958 1444 982 1482 4

133 1516 189 1549 371
491 1511 634 1551 lucella
656 1510 695 1550 in
719 1517 853 1550 mento
875 1442 1062 1561 imlirgssa
1084 1509 1238 1549 Amoris
1259 1508 1421 1560 digitulo

495 1567 655 1620 vestigio
678 1568 922 1607 demonstrat
942 1566 1227 1606 mollitudinem

881 1645 932 1685 111
951 1647 1008 1698 (5)

134 1722 191 1756 372
497 1715 640 1755 collum
662 1727 872 1767 procerum
894 1715 1031 1754 fictum
1054 1713 1126 1753 levi
1148 1715 1340 1752 marmore

496 1772 653 1823 regillae
675 1772 831 1812 tunicae
853 1771 1038 1811 definitur
1058 1781 1234 1823 purpura

854 1850 924 1889 llll
969 1852 1015 1890 12

135 1924 194 1958 373
497 1921 604 1959 omni
627 1924 756 1972 opstat
776 1920 815 1959 in
839 1851 1033 1971 mysterio)
1046 1918 1220 1957 invidum
1240 1916 1350 1957 tabes

887 1998 916 2036 V

140 2061 196 2094 374
368 2054 570 2095 dominum
593 2055 757 2102 convivi,
779 2055 910 2094 vinum
933 1999 1082 2094 §illudve
1104 2053 1194 2105 quid
1220 2053 1270 2092 mi
1290 2052 1443 2093 laudato

338 2168 404 2201 366
427 2166 471 2201 Ν.
492 2178 528 2210 p.
555 2168 619 2201 215
645 2167 759 2200 nervia
787 2166 800 2211 ΙΙ
825 2169 888 2201 367
915 2166 959 2200 Ν.
982 2177 1017 2209 p.
1042 2167 1084 2200 55
1108 2165 1220 2198 infans
1253 2165 1257 2208 Ι
1289 2164 1448 2198 infantior
1472 2164 1535 2198 erit
1557 2162 1656 2198 Mad·

226 2213 334 2254 vicus,
358 2212 512 2246 invenies
534 2212 713 2255 supplevit
736 2211 915 2256 Roeperus
937 2213 949 2256 ΙΙ
976 2213 1041 2246 368
1072 2210 1116 2244 Ν.
1139 2222 1174 2253 p.
1201 2212 1265 2244 215
1299 2210 1413 2243 nervia
1445 2209 1555 2243 neutri
1585 2210 1656 2251 (de-
1696 2218 1723 2222 ¹

225 2257 310 2290 levit
334 2258 443 2292 neutri
461 2258 723 2299 Quicheratim)
745 2258 749 2301 Ι
772 2258 802 2291 ei
828 2257 964 2291 edicunt
988 2256 1196 2290 Ribbeckius
1216 2257 1221 2298 Ι
1242 2265 1374 2289 servam
1399 2253 1653 2300 Baehrensiusl
1707 2259 1720 2295 ἐξ

225 2303 359 2336 nervias
376 2303 388 2347 ΙΙ
407 2305 473 2338 369
497 2302 542 2336 Ν.
563 2314 599 2347 p.
627 2305 690 2337 141
717 2303 903 2336 masculum
1703 2314 1721 2330 κ·

338 2350 403 2383 370
436 2347 480 2382 N.
501 2359 539 2391 p.
566 2349 629 2382 218
655 2347 848 2392 palpebrae.
898 2349 1043 2381 dubium
1075 2350 1127 2380 est
1157 2349 1278 2379 utrum
1311 2346 1359 2379 ad
1387 2346 1532 2379 titulum
1562 2347 1656 2379 hunc
1695 2348 1709 2393 ¹j

225 2394 391 2432 (παππία
416 2395 551 2436 παπαῖ)
575 2404 620 2426 an
646 2393 718 2426 alio
743 2397 876 2437 spectet
894 2404 1012 2436 gram.
1045 2392 1086 2426 de
1112 2392 1228 2425 dubiis
1250 2392 1453 2424 nominibus
1479 2390 1507 2422 V
1525 2401 1564 2434 p.
1588 2392 1654 2425 572
1700 2391 1724 2435 322}

226 2437 263 2471 K.
281 2449 389 2482 papae
406 2439 598 2481 dicendum,
627 2439 715 2473 sicut
729 2438 835 2473 Varro
864 2439 898 2472 in
928 2439 1029 2472 satira
1051 2440 1056 2478 Ι
1077 2437 1205 2471 vallato
1234 2436 1370 2471 mobilis
1399 2436 1515 2480 septos
1545 2437 1557 2479 11
1589 2439 1652 2471 371
1699 2438 1727 2478 ’,ν

225 2482 267 2516 Ν.
281 2494 316 2526 p.
334 2486 395 2518 135
421 2484 668 2518 mollitudinem
690 2486 694 2525 Ι
716 2484 803 2518 sulla
828 2485 862 2518 in
887 2488 1001 2518 mento
1019 2483 1032 2528 ss
1050 2485 1115 2518 372
1139 2482 1185 2516 N.
1195 2493 1230 2525 p.
1244 2483 1310 2516 539
1334 2481 1454 2524 regilla
1475 2484 1480 2523 Ι
1501 2482 1655 2524 regillam
1694 2483 1725 2525 3¹¹³,

227 2529 374 2562 tunicam
400 2529 589 2573 diffingitur
614 2530 717 2563 libri:
743 2540 889 2573 purpura
907 2527 1127 2572 distinguitur
1151 2529 1277 2562 Iunius
1295 2528 1307 2569 ΙΙ
1324 2526 1446 2561 373Ν.
1459 2538 1494 2570 p.
1510 2529 1574 2562 495
1600 2537 1655 2561 ae-
1687 2526 1723 2550 ·.

225 2574 399 2608 eusativus
418 2576 502 2618 sing.
521 2585 582 2619 pro
600 2576 759 2618 genetivo
785 2575 871 2619 plur.
892 2574 898 2617 Ι
919 2586 939 2609 o
965 2575 1009 2608 mi
1027 2575 1159 2618 optanti
1181 2573 1355 2607 ministero
1373 2572 1428 2605 vet
1442 2572 1656 2616 ministerioss

225 2619 293 2653 374
315 2618 358 2652 Ν.
378 2631 416 2663 p.
443 2622 503 2655 281
533 2621 690 2655 dominus
717 2621 722 2665 l
751 2620 887 2655 convivi
922 2620 1037 2654 vinum
1063 2623 1235 2654 mutatum
1260 2620 1298 2651 in
1323 2617 1516 2652 convivium
1543 2618 1657 2652 codex
1691 2620 1728 2665 ζ’,

222 2666 375 2707 optimus
