1780 2892
299 174 349 213 18
899 167 1100 202 PETRONn

297 291 466 330 frontem
496 285 669 327 sudantis
699 283 849 323 acaciae
879 282 970 329 rivi,
1002 288 1039 321 et
1069 282 1172 320 inter
1201 293 1318 332 rugas
1347 280 1535 320 malarum
1565 285 1718 321 tantum
1737 286 1770 320 L

229 348 284 388 24
301 351 382 386 erat
402 349 551 391 cretae,
583 348 626 381 ut
645 346 801 392 putares
822 339 1019 378 detectum
1039 338 1227 389 parietem
1249 336 1383 376 nimbo
1404 337 1593 378 laborare.
1635 350 1716 378 non

299 402 408 442 tenui
429 413 499 451 ego
521 398 664 439 diutius
683 396 880 444 lacrimas,
911 394 978 434 sed
1009 394 1054 433 ad
1085 394 1260 433 ultimam
1281 393 1494 445 perductus
1523 393 1719 434 tristitiam

293 456 461 510 ‘quaeso’
483 457 642 507 inquam
660 453 841 500 ‘domina,
861 457 965 491 certe
982 449 1269 489 embasicoetan
1287 450 1454 490 iusseras
1470 449 1578 490 dari'.
1609 462 1716 490 com-

292 514 407 567 plosit
437 513 501 552 illa
530 510 703 551 tenerius
735 521 873 548 manus
903 513 941 547 et
963 507 1011 546 ‘o'
1031 507 1162 557 inquit
1190 506 1400 545 ‘hominem
1424 512 1578 546 acutum
1600 513 1717 558 atque
1746 514 1766 547 5

290 569 520 611 urbanitatis
539 566 770 607 vernaculae
791 566 952 604 fontem.
992 561 1116 614 quid?
1137 569 1179 602 tu
1201 575 1281 602 non
1304 563 1561 612 intellexeras,
1586 563 1717 603 cinae-

292 627 383 666 dum
405 625 689 665 embasicoetan
709 619 880 662 vocari?'
922 619 1062 667 deinde
1093 625 1137 658 ut
1167 619 1442 658 contubernali
1471 632 1557 659 meo
1579 619 1718 660 melius

291 682 534 729 succederet,
566 684 650 732 ‘per
680 678 805 718 tidem'
835 678 995 728 inquam
1026 679 1227 723 ‘vestram,
1259 676 1436 728 Ascyltos
1464 676 1503 715 in
1535 676 1609 716 hoc
1639 676 1709 715 tri·-

292 739 409 779 clinio
430 738 536 778 solus
557 737 671 776 ferias
692 733 808 787 agitiP'
850 733 927 773 ‘ita’
958 733 1086 784 inquit
1107 732 1294 779 Quartilla
1326 736 1377 771 ‘et
1396 732 1550 785 Ascylto
1583 731 1716 772 emba-

291 796 455 836 sicoetas
475 793 613 833 detur'.
644 792 691 831 ab
713 792 784 830 hac
799 803 893 830 voce
915 802 1060 840 equum
1081 789 1266 829 cinaedus
1291 788 1453 828 mutavit
1472 788 1717 840 transituque
1746 795 1780 828 1ss

293 853 339 891 ad
361 851 541 890 comitem
563 861 692 888 meum
722 849 822 887 facto
854 846 1036 886 clunibus
1066 858 1155 885 eum
1185 845 1381 896 basiisque
1403 845 1578 885 distrivit.
1605 844 1611 898 Ι
1637 851 1715 885 sta·
1727 854 1780 888 Lo

292 909 358 948 bat
387 907 490 946 inter
520 907 613 945 haec
634 905 750 944 Giton
773 910 810 943 et
831 903 912 943 risu
934 902 1169 942 dissolvebat
1189 902 1252 941 ilia
1282 914 1362 941 sua.
1405 902 1536 953 itaque
1558 901 1716 954 conspi—

294 971 377 1004 cata
397 976 487 1003 eum
508 962 708 1009 Quartilla,
730 961 841 1000 cuius
862 966 963 999 esset
982 971 1101 1011 puer,
1132 958 1425 1009 diligentissima
1454 958 1716 998 sciscitatione

295 1019 493 1072 quaesivit.
535 1031 623 1058 cum
655 1030 726 1068 ego
756 1018 915 1056 fratrem
945 1028 1076 1055 meum
1107 1027 1191 1055 esse
1213 1015 1413 1063 dixissem,
1445 1017 1578 1066 ‘quare
1608 1013 1713 1066 ergo'

294 1077 423 1128 inquit
453 1079 527 1115 ‘me
559 1088 639 1114 non
670 1071 872 1114 basiavit?
913 1079 1168 1123 vocatumque
1199 1071 1244 1110 ad
1271 1084 1312 1111 se
1333 1071 1373 1110 in
1397 1071 1572 1111 osculum
1593 1071 1718 1123 appli-
1749 1077 1780 1111 15

296 1133 388 1173 cuit.
428 1145 519 1172 mox
539 1143 697 1170 manum
719 1131 832 1169 etiam
854 1129 1006 1169 demisit
1027 1129 1066 1167 in
1089 1129 1219 1168 sinum
1241 1134 1279 1167 et
1299 1133 1535 1179 pertrectato
1564 1127 1718 1167 vasculo

295 1197 374 1229 tam
394 1189 482 1228 rudi
505 1187 623 1227 ‘haec'
649 1187 777 1238 inquit
800 1186 914 1226 ‘belle
940 1198 1025 1225 cras
1045 1186 1085 1224 in
1102 1184 1341 1237 promulside
1362 1183 1534 1224 libidinis
1563 1189 1719 1224 nostrae

297 1245 495 1292 militabit;
517 1245 632 1283 hodie
653 1244 758 1283 enim
779 1250 868 1295 post
888 1243 1048 1282 asellum
1070 1242 1188 1281 diaria
1211 1254 1291 1280 non
1313 1240 1452 1280 sumo.'

228 1301 283 1341 25
409 1314 497 1341 cum
519 1302 614 1340 haec
634 1301 799 1348 diceret,
830 1299 878 1338 ad
906 1311 1039 1338 aurem
1061 1299 1143 1338 eius
1164 1298 1312 1350 Psyche
1333 1297 1466 1337 ridens
1487 1297 1660 1345 accessit,
1682 1302 1720 1337 et

298 1372 387 1399 cum
407 1358 566 1398 dixisset
587 1357 719 1397 nescio
742 1356 855 1407 quid,
888 1356 968 1403 ‘ita,
1000 1355 1063 1395 ita'
1093 1355 1221 1406 inquit
1242 1354 1430 1400 Quartilla
1452 1354 1566 1394 ‘bene
1586 1354 1721 1394 admo-
1750 1360 1780 1394 2c

298 1415 428 1455 nuisti.
470 1427 540 1454 cur
560 1426 660 1462 non,
692 1413 780 1464 quia
800 1412 1009 1452 bellissima
1040 1411 1190 1451 occasio
1222 1417 1301 1458 est,
1333 1410 1596 1462 devirginatur
1617 1410 1720 1450 Pan-

298 1471 432 1524 nychis
463 1469 637 1510 nostra?
677 1469 944 1520 continuoque
976 1469 1164 1520 producta
1194 1473 1252 1507 est
1281 1467 1410 1519 puella
1441 1467 1532 1507 satis
1561 1467 1660 1506 bella
1682 1472 1722 1506 et

298 1540 397 1580 quae
418 1540 499 1566 non
521 1527 609 1579 plus
631 1539 744 1577 quam
766 1531 914 1577 septem
936 1538 1062 1564 annos
1082 1525 1226 1563 habere
1247 1524 1459 1572 videbatur,
1481 1520 1550 1578 [et]
1572 1535 1616 1562 ea
1637 1523 1721 1576 ipsa

298 1596 397 1636 quae
426 1584 594 1635 primum
627 1595 716 1622 cum
733 1582 919 1628 Quartilla
949 1582 989 1620 in
1021 1581 1156 1620 cellam
1186 1586 1346 1620 venerat
1376 1588 1560 1620 nostram.
1609 1579 1720 1631 plau-

297 1640 479 1680 dentibus
510 1652 601 1691 ergo
633 1639 823 1679 universis
852 1645 891 1678 et
911 1637 1199 1690 postulantibus
1221 1637 1377 1689 nuptias
1407 1633 1618 1691 [fecerunt]
1649 1635 1722 1676 ob·
1750 1641 1780 1675 25

297 1697 430 1749 stupui
460 1709 531 1748 ego
563 1702 600 1734 et
630 1708 702 1735 nec
733 1695 894 1743 Gitona,
926 1694 1299 1734 verecundissimum
1320 1705 1510 1745 puerum,
1540 1693 1721 1733 sufficere

298 1753 389 1793 huic
409 1753 646 1804 petulantiae
667 1752 872 1798 affirmavi,
895 1764 968 1791 nec
988 1751 1158 1803 puellam
1181 1750 1263 1789 eius
1284 1750 1418 1789 aetatis
1439 1762 1544 1796 esse,
1572 1754 1615 1789 ut
1635 1761 1725 1788 mu·

298 1808 431 1849 liebris
460 1809 668 1860 patientiae
697 1808 822 1859 legem
853 1814 986 1859 posset
1024 1807 1213 1858 accipere.
1269 1806 1345 1845 ‘ita'
1376 1806 1505 1857 inquit
1535 1805 1722 1852 Quartilla

299 1865 443 1905 ‘minor
463 1871 520 1904 est
539 1865 630 1913 ista,
662 1877 778 1915 quam
800 1876 872 1915 ego
894 1864 970 1911 fui,
1002 1875 1091 1902 cum
1120 1863 1289 1914 primum
1319 1862 1444 1901 virum
1473 1874 1585 1913 passa
1606 1859 1722 1902 sum?

299 1922 493 1962 Iunonem
515 1933 638 1960 meam
658 1921 795 1959 iratam
815 1919 996 1967 habeam,
1031 1919 1063 1959 si
1091 1931 1265 1970 unquam
1300 1931 1363 1958 me
1382 1918 1626 1958 meminerim
1645 1918 1724 1957 vir·
1752 1924 1780 1958 ὃ(

300 1979 431 2030 ginem
452 1977 581 2017 fuisse.
622 1989 712 2015 nam
734 1983 773 2016 et
793 1976 922 2016 infans
943 1989 1031 2015 cum
1054 1975 1213 2027 paribus
1234 1975 1417 2014 inclinata
1438 1987 1546 2023 sum,
1569 1981 1607 2014 et
1626 1974 1722 2014 sub-

301 2035 391 2074 inde
413 2033 715 2086 procedentibus
745 2033 859 2072 annis
889 2031 1101 2071 maioribus
1130 2044 1192 2070 me
1221 2031 1354 2083 pueris
1374 2031 1564 2083 applicui,
1595 2030 1723 2071 donec

300 2091 347 2131 ad
376 2091 478 2130 hanc
506 2095 671 2129 aetatem
701 2089 872 2141 perveni.
913 2089 1006 2128 hinc
1037 2088 1151 2127 etiam
1180 2094 1275 2139 puto
1307 2087 1558 2140 proverbium
1586 2093 1723 2127 natum

301 2147 414 2196 illud,
447 2145 506 2201 [ut
526 2143 688 2199 dicatur]
711 2158 824 2197 posse
854 2151 1008 2184 taurum
1041 2145 1196 2192 tollere,
1229 2144 1295 2195 qui
1316 2144 1477 2183 vitulum
1497 2141 1723 2184 sustulerit!

302 2204 420 2255 igitur
441 2217 489 2242 ne
511 2203 696 2242 maiorem
727 2202 906 2241 iniuriam
937 2202 978 2240 in
1000 2207 1152 2241 secreto
1183 2202 1301 2240 frater
1322 2200 1517 2252 acciperet
1557 2211 1724 2240 consur·
1752 2201 1780 2239 a

235 2260 288 2299 26
304 2261 384 2300 rexi
416 2261 462 2299 ad
484 2259 655 2298 officium
676 2258 861 2310 nuptiale.
903 2258 979 2297 iam
1009 2258 1157 2310 Psyche
1188 2257 1337 2308 puellae
1369 2262 1486 2308 caput
1514 2256 1726 2296 involverat

303 2318 500 2364 flammeo,
532 2316 607 2355 iam
630 2315 906 2355 embasicoetas
926 2313 1174 2366 praeferebat
1204 2315 1325 2353 facem
1341 2343 1351 2360 ,
1381 2313 1457 2352 iam
1488 2312 1618 2353 ebriae
1637 2324 1725 2352 mu·-

302 2374 416 2412 lieres
446 2373 608 2424 longum
637 2384 775 2422 agmen
805 2371 1034 2423 plaudentes
1066 2371 1240 2410 fecerant
1268 2370 1557 2421 thalamumque
1576 2369 1727 2410 incesta

304 2435 588 2469 exornaverant
628 2434 754 2476 veste,
794 2440 883 2467 cum
914 2427 1103 2473 Quartilla
1141 2439 1296 2478 quoque
1326 2426 1537 2466 iocantium
1565 2425 1724 2466 libidine

416 2530 435 2562 6
460 2529 619 2561 vernulae
636 2529 647 2571 ΙΙ
667 2531 685 2562 7
711 2530 761 2569 ut]
779 2538 821 2562 ne
843 2527 1028 2561 Goldastus
1045 2527 1056 2570 ΙΙ
1075 2529 1118 2561 24
1135 2528 1273 2560 venerat
1290 2526 1323 2558 in
1341 2528 1489 2559 nostram
1507 2525 1625 2559 cellam
1638 2535 1727 2568 pars

304 2575 474 2607 librorum
498 2573 509 2617 {l
536 2575 576 2608 31
602 2574 776 2616 inquinata
792 2573 804 2616 ΙΙ
824 2575 866 2607 32
891 2572 1133 2616 prodeuntibus
1157 2571 1169 2615 ΙΙ
1196 2572 1238 2606 33
1264 2574 1377 2604 natum
1402 2576 1484 2614 puto
1510 2570 1726 2615 proverbium

302 2619 387 2652 illud
411 2619 522 2651 eodem
542 2618 791 2661 Traguriensis
807 2618 820 2661 ΙΙ
838 2620 881 2652 34
898 2620 934 2651 ut
951 2617 1081 2650 dicatur
1103 2627 1174 2650 non
1198 2619 1250 2649 est
1271 2618 1310 2648 in
1327 2616 1355 2648 L
1373 2616 1385 2660 ΙΙ
1402 2618 1446 2651 39
1471 2620 1541 2650 tum
1562 2616 1568 2661 Ι
1588 2625 1726 2660 quoque

303 2665 399 2707 quod
422 2665 487 2697 alii
512 2664 596 2697 libri
614 2668 699 2707 post
722 2663 904 2698 iocantium
924 2673 1074 2706 posuere
1097 2662 1349 2704 interpolatum
1372 2662 1513 2694 videtur
