1780 2892
744 153 928 190 SATlRAE
1497 154 1518 193 1
1526 155 1546 193 1

77 275 107 310 Ι,
132 273 259 312 facere
289 270 425 318 debui,
455 282 545 310 cum
565 271 666 309 fame
687 268 894 309 morerer?
923 282 972 309 an
994 269 1173 311 videlicet
1192 270 1366 310 audirem
1386 276 1548 310 senten-

129 329 220 376 tias,
250 327 287 366 id
319 333 377 366 est
406 327 525 366 vitrea
554 327 674 365 fracta
695 331 734 364 et
754 326 999 366 somniorum
1021 325 1396 379 interpretamenta?
1425 327 1548 366 multo

128 396 190 424 me
219 383 371 436 turpior
391 395 432 423 es
453 389 494 422 tu
514 382 691 430 hercule,
714 382 780 432 qui
802 388 847 422 ut
867 383 961 423 foris
981 394 1161 431 cenares,
1185 389 1338 436 poetam
1359 383 1547 423 laudasti'.

240 439 372 491 itaque
393 451 439 479 ex
459 438 682 491 turpissima
702 438 768 478 lite
789 438 829 478 in
851 439 972 478 risum
990 439 1118 479 diffusi
1140 440 1313 491 pacatius
1334 439 1380 479 ad
1398 439 1548 492 reliqua

83 503 102 536 5
130 497 358 537 secessimus

829 564 851 589 ιιι

239 620 375 648 rursus
404 607 442 647 in
475 607 699 646 memoriam
736 613 939 647 revocatus
969 607 1134 647 iniuriae
1165 608 1352 660 ‘Ascylte'
1382 607 1543 659 inquam

129 665 326 716 ‘intellego
358 663 472 703 nobis
501 663 712 703 convenire
743 677 821 703 non
856 676 983 716 posse.
1025 665 1156 716 itaque
1177 676 1405 704 communes
1426 665 1546 704 sarci·

130 721 239 761 nulas
255 721 466 774 partiamur
478 732 522 759 ac
538 725 804 772 paupertatem
822 727 993 760 nostram
1012 721 1170 773 privatis
1186 720 1410 772 quaestibus
1419 726 1546 772 temp·

128 784 255 818 temus
285 777 490 828 expellere.>
530 782 570 816 et
598 782 639 816 tu
672 776 801 816 literas
830 777 906 816 scis
936 783 975 816 et
1005 790 1089 829 ego.
1132 789 1181 817 ne
1212 777 1435 828 quaestibus
1470 777 1547 817 tuis

63 839 101 872 10
131 834 301 880 obstem,
331 833 433 872 aliud
463 833 606 885 aliquid
637 833 884 884 promittam3
915 833 1059 885 alioqui
1090 834 1193 873 mille
1215 845 1352 873 causae
1372 833 1545 885 quotidie

130 903 203 930 nos
222 889 408 929 collident
429 895 467 928 et
487 901 557 941 per
576 895 697 928 totam
718 890 857 928 urbem
888 890 1112 930 rumoribus
1132 890 1340 930 different’.
1382 901 1461 930 non
1484 902 1545 929 re-

128 946 273 986 cusavit
301 945 478 997 Ascyltos
507 952 545 984 et
575 945 714 984 ‘hodie'
744 945 872 997 inquit
902 946 1003 996 ‘quia
1034 951 1219 998 tanquam
1250 946 1468 986 scholastici
1499 946 1544 985 ad

127 1013 262 1042 cenam
292 1001 566 1053 promisimus,
598 1013 678 1040 non
710 1001 918 1052 perdamus
949 1007 1116 1042 noctem.
1158 1015 1242 1043 cras
1272 1009 1422 1051 autem,
1455 1003 1545 1055 quia

127 1059 200 1098 hoc
231 1057 347 1106 libet,
387 1064 424 1096 et
453 1057 731 1097 habitationem
760 1058 855 1097 mihi
885 1058 1122 1110 prospiciam
1153 1066 1191 1098 et
1220 1059 1338 1099 alium
1359 1059 1544 1099 fratrem’.

59 1119 97 1154 15
131 1115 293 1155 ‘tardum
315 1113 384 1154 est’
405 1114 562 1165 inquam
585 1114 756 1153 ‘differre
778 1115 880 1166 quod
904 1114 1042 1166 placet’

825 1185 846 1208 a(

236 1227 339 1266 hanc
354 1232 430 1265 tam
447 1226 698 1278 praecipitem
716 1227 943 1267 divisionem
961 1227 1079 1267 libido
1097 1227 1283 1276 faciebat;
1306 1228 1379 1267 iam
1397 1228 1544 1268 dudum

127 1284 229 1323 enim
261 1282 411 1322 amoliri
441 1283 645 1334 cupiebam
685 1284 884 1323 custodem
915 1284 1141 1332 molestum,
1181 1291 1224 1324 ut
1254 1290 1423 1324 veterem
1453 1297 1543 1324 cum

126 1339 266 1380 Gitone
287 1351 373 1378 meo
394 1339 584 1378 rationem
606 1340 833 1380 reducerem

825 1411 847 1435 *

235 1457 440 1504 postquam
471 1451 629 1491 lustravi
661 1452 783 1492 oculis
813 1458 932 1492 totam
964 1452 1121 1500 urbem,
1152 1453 1192 1492 in
1224 1453 1400 1494 cellulam
1432 1454 1541 1503 redii,
1560 1454 1607 1494 11

58 1513 96 1546 2⁰
125 1508 323 1560 oculisque
354 1508 510 1547 tandem
540 1507 643 1548 bona
673 1509 749 1548 fide
779 1509 924 1549 exactis
955 1509 1069 1561 alligo
1100 1509 1302 1549 artissimis
1328 1511 1542 1562 complexi-

126 1563 198 1604 bus
219 1577 384 1617 puerum
406 1564 594 1616 fruorque
614 1565 713 1604 votis
733 1577 858 1616 usque
880 1565 924 1604 ad
948 1565 1128 1605 invidiam
1150 1565 1338 1606 felicibus.
1381 1579 1453 1606 nec
1475 1566 1542 1606 ad-

123 1620 201 1660 huc
231 1620 386 1672 quidem
418 1621 547 1660 omnia
579 1627 691 1660 erant
719 1621 839 1668 facta,
870 1634 959 1661 cum
980 1622 1156 1674 Ascyltos
1176 1622 1308 1661 furtim
1331 1636 1371 1662 se
1393 1623 1543 1664 foribus

125 1677 292 1716 admovit
322 1677 583 1728 discussisque
613 1677 823 1717 fortissime
853 1678 1030 1718 claustris
1061 1678 1208 1718 invenit
1228 1690 1290 1718 me
1311 1691 1398 1718 cum
1422 1680 1541 1719 fratre

125 1733 334 1772 ludentem.
374 1733 454 1773 risu
492 1734 621 1784 itaque
658 1734 875 1785 plausuque
914 1734 1090 1774 cellulam
1129 1735 1322 1788 implevit,
1360 1742 1538 1787 opertum

55 1793 94 1826 25
123 1801 184 1829 me
215 1789 380 1829 amiculo
411 1790 550 1829 evolvit
578 1795 617 1829 et
646 1790 750 1841 ‘quid
781 1790 935 1842 agebas'
965 1791 1093 1842 inquit
1123 1791 1256 1830 ‘frater
1286 1792 1540 1841 sanctissime,

123 1845 189 1896 qui
219 1845 355 1885 diverti
385 1845 689 1886 contubernium
714 1845 848 1886 facis?
880 1859 954 1886 nec
973 1859 1015 1886 se
1036 1847 1160 1887 solum
1183 1847 1284 1887 intra
1307 1849 1421 1888 verba
1444 1861 1540 1888 con-

121 1902 259 1949 tinuit,
289 1902 357 1941 sed
386 1902 511 1941 lorum
543 1902 590 1942 de
620 1915 713 1954 pera
743 1903 855 1942 solvit
876 1910 914 1942 et
933 1916 994 1942 me
1017 1904 1147 1955 coepit
1168 1916 1246 1943 non
1270 1905 1539 1956 perfunctorie

121 1957 346 2004 verberare,
378 1958 537 1998 adiectis
567 1959 680 1999 etiam
712 1960 977 2011 petulantibus
1006 1960 1138 2000 dictis:
1170 1961 1239 2000 ‘sic
1261 1960 1429 2001 dividere
1450 1972 1539 2001 cum

122 2014 240 2054 fratre
263 2014 396 2054 nolito’

820 2086 841 2110 ³1¹

53 2129 92 2163 30
231 2126 482 2167 veniebamus
510 2127 549 2167 in
574 2129 700 2167 forum
724 2129 927 2168 deficiente
948 2128 1022 2167 iam
1043 2128 1125 2176 die,
1156 2129 1195 2168 in
1219 2141 1296 2180 quo
1319 2129 1537 2170 notavimus
1555 2130 1606 2170 12

120 2184 378 2235 frequentiam
409 2195 540 2222 rerum
570 2184 783 2232 venalium,
816 2198 895 2224 non
929 2185 1085 2236 quidem
1112 2185 1371 2236 pretiosarum
1392 2186 1460 2226 sed
1480 2192 1538 2226 ta-

121 2251 209 2279 men
238 2251 404 2291 quarum
435 2240 548 2279 fidem
570 2241 669 2280 male
699 2241 962 2280 ambulantem
983 2241 1201 2281 obscuritas
1222 2242 1408 2293 temporis
1429 2242 1555 2282 facil--

120 2295 208 2335 lime
229 2301 389 2348 tegeret.
429 2308 517 2335 cum
549 2308 642 2348 ergo
674 2303 713 2336 et
742 2298 814 2349 ipsi
845 2303 998 2349 raptum
1021 2298 1224 2337 latrocinio
1246 2299 1403 2350 pallium
1426 2299 1537 2338 detu-

119 2351 308 2399 lissemus,
325 2353 380 2391 uti
398 2353 602 2392 occasione
619 2354 950 2405 opportunissima
967 2354 1167 2406 coepimus
1181 2359 1295 2406 atque
1311 2355 1351 2394 in
1369 2355 1537 2407 quodam

52 2409 90 2443 35
118 2408 260 2459 angulo
292 2408 468 2448 laciniam
500 2414 710 2449 extremam
743 2418 978 2458 concutere,
1009 2411 1040 2450 si
1062 2422 1178 2462 quem
1199 2411 1299 2450 forte
1320 2418 1536 2463 emptorem

119 2464 307 2516 splendor
336 2465 450 2505 vestis
479 2472 611 2517 posset
639 2466 844 2506 adducere.
886 2479 959 2506 nec
980 2467 1044 2506 diu
1066 2472 1238 2507 moratus
1258 2469 1428 2508 rusticus
1449 2468 1536 2520 qui-

120 2521 206 2559 dam
229 2521 424 2561 familiaris
446 2522 568 2562 oculis
587 2523 682 2562 meis
702 2535 791 2562 cum
812 2523 1040 2563 muliercula
1062 2523 1203 2563 comite
1224 2524 1387 2576 propius
1408 2537 1538 2564 acces-

231 2598 251 2631 2
282 2597 423 2631 vitream
460 2597 597 2633 fractam
619 2599 632 2643 ΙΙ
661 2602 700 2635 11
737 2599 889 2634 deserent
913 2601 925 2644 ΙΙ
953 2602 995 2634 14
1029 2600 1175 2643 aliquem
1200 2600 1213 2644 ΙΙ
1238 2602 1277 2636 18
1302 2600 1501 2635 deducerem
1525 2600 1537 2645 ΙΙ

120 2643 163 2676 26
186 2641 267 2685 quid
291 2642 324 2676 .i.
348 2643 692 2678 verticontubernium
709 2645 722 2688 Ι
741 2646 781 2679 31
810 2645 926 2679 talium
952 2646 1132 2679 Iacobsim
