<?xml version="1.0" encoding="UTF-8"?>
<!DOCTYPE html PUBLIC "-//W3C//DTD XHTML 1.0 Transitional//EN"
    "http://www.w3.org/TR/xhtml1/DTD/xhtml1-transitional.dtd">
<html xmlns="http://www.w3.org/1999/xhtml" xml:lang="en" lang="en">
 <head>
  <title>
</title>
<meta http-equiv="Content-Type" content="text/html;charset=utf-8" />
  <meta name='ocr-system' content='tesseract 3.04.00' />
  <meta name='ocr-capabilities' content='ocr_page ocr_carea ocr_par ocr_line ocrx_word'/>
</head>
<body>
  <div class='ocr_page' id='page_1' title='image "./satiraeetliberpr00petruoft_0111.png"; bbox 0 0 1728 2886; ppageno 0'>
   <div class='ocr_carea' id='block_1_1' title="bbox 0 314 96 2403">
    <p class='ocr_par' dir='ltr' id='par_1_1' title="bbox 0 314 96 2403">
     <span class='ocr_line' id='line_1_1' title="bbox 0 314 96 377; baseline 0 -55"><span class='ocrx_word' id='word_1_1' title='bbox 0 314 96 377; x_wconf 95' lang='lat' dir='ltr'>  </span> 
     </span>
     <span class='ocr_line' id='line_1_2' title="bbox 0 377 79 426; baseline 0 2460"><span class='ocrx_word' id='word_1_2' title='bbox 0 377 79 426; x_wconf 95' lang='lat' dir='ltr'> </span> 
     </span>
     <span class='ocr_line' id='line_1_3' title="bbox 0 426 88 597; baseline 0.068 -113"><span class='ocrx_word' id='word_1_3' title='bbox 0 426 88 597; x_wconf 95' lang='lat' dir='ltr'>     </span> 
     </span>
     <span class='ocr_line' id='line_1_4' title="bbox 0 597 83 709; baseline 0 -58"><span class='ocrx_word' id='word_1_4' title='bbox 0 597 83 709; x_wconf 95' lang='lat' dir='ltr'>   </span> 
     </span>
     <span class='ocr_line' id='line_1_5' title="bbox 0 709 85 773; baseline 0.118 -9"><span class='ocrx_word' id='word_1_5' title='bbox 0 709 85 773; x_wconf 95' lang='lat' dir='ltr'>  </span> 
     </span>
     <span class='ocr_line' id='line_1_6' title="bbox 0 773 60 937; baseline 0 -60"><span class='ocrx_word' id='word_1_6' title='bbox 0 773 60 937; x_wconf 95' lang='lat' dir='ltr'>   </span> 
     </span>
     <span class='ocr_line' id='line_1_7' title="bbox 0 937 60 1047; baseline 0 -53"><span class='ocrx_word' id='word_1_7' title='bbox 0 937 60 1047; x_wconf 95' lang='lat' dir='ltr'>   </span> 
     </span>
     <span class='ocr_line' id='line_1_8' title="bbox 0 1047 86 1224; baseline 0.105 -63"><span class='ocrx_word' id='word_1_8' title='bbox 0 1047 86 1224; x_wconf 95' lang='lat' dir='ltr'>    </span> 
     </span>
     <span class='ocr_line' id='line_1_9' title="bbox 0 1224 80 1385; baseline 0.025 -53"><span class='ocrx_word' id='word_1_9' title='bbox 0 1224 80 1385; x_wconf 95' lang='lat' dir='ltr'>    </span> 
     </span>
     <span class='ocr_line' id='line_1_10' title="bbox 0 1385 74 1564; baseline 0 -8"><span class='ocrx_word' id='word_1_10' title='bbox 0 1385 74 1564; x_wconf 95' lang='lat' dir='ltr'>     </span> 
     </span>
     <span class='ocr_line' id='line_1_11' title="bbox 0 1564 70 1705; baseline 0 -33"><span class='ocrx_word' id='word_1_11' title='bbox 0 1564 70 1705; x_wconf 95' lang='lat' dir='ltr'>   </span> 
     </span>
     <span class='ocr_line' id='line_1_12' title="bbox 0 1705 63 1894; baseline 0 -48"><span class='ocrx_word' id='word_1_12' title='bbox 0 1705 63 1894; x_wconf 95' lang='lat' dir='ltr'>   </span> 
     </span>
     <span class='ocr_line' id='line_1_13' title="bbox 0 1894 50 2067; baseline 0 -54"><span class='ocrx_word' id='word_1_13' title='bbox 0 1894 50 2067; x_wconf 95' lang='lat' dir='ltr'>    </span> 
     </span>
     <span class='ocr_line' id='line_1_14' title="bbox 0 2067 17 2180; baseline 0 0"><span class='ocrx_word' id='word_1_14' title='bbox 0 2067 17 2180; x_wconf 95' lang='lat' dir='ltr'>  </span> 
     </span>
     <span class='ocr_line' id='line_1_15' title="bbox 0 2180 84 2403; baseline 0 -174"><span class='ocrx_word' id='word_1_15' title='bbox 0 2180 84 2403; x_wconf 95' lang='lat' dir='ltr'>    </span> 
     </span>
    </p>
   </div>
   <div class='ocr_carea' id='block_1_2' title="bbox 683 119 1485 160">
    <p class='ocr_par' dir='ltr' id='par_1_2' title="bbox 683 119 1485 160">
     <span class='ocr_line' id='line_1_16' title="bbox 683 119 1485 160; baseline 0.005 -5"><span class='ocrx_word' id='word_1_16' title='bbox 683 119 869 155; x_wconf 75' lang='lat' dir='ltr'>SATIRAE</span> <span class='ocrx_word' id='word_1_17' title='bbox 1406 122 1427 158; x_wconf 92' lang='lat'>1</span> <span class='ocrx_word' id='word_1_18' title='bbox 1434 122 1485 160; x_wconf 82' lang='lat'>07</span> 
     </span>
    </p>
   </div>
   <div class='ocr_carea' id='block_1_3' title="bbox 11 235 1487 2434">
    <p class='ocr_par' dir='ltr' id='par_1_3' title="bbox 12 235 1487 1692">
     <span class='ocr_line' id='line_1_17' title="bbox 44 235 1486 288; baseline -0.001 -11"><span class='ocrx_word' id='word_1_19' title='bbox 44 236 298 287; x_wconf 87' lang='lat' dir='ltr'>umolpum</span> <span class='ocrx_word' id='word_1_20' title='bbox 335 235 440 275; x_wconf 81' lang='lat' dir='ltr'>venit</span> <span class='ocrx_word' id='word_1_21' title='bbox 470 242 509 275; x_wconf 89' lang='lat' dir='ltr'>et</span> <span class='ocrx_word' id='word_1_22' title='bbox 527 235 815 279; x_wconf 81' lang='lat' dir='ltr'>‚commendare</span> <span class='ocrx_word' id='word_1_23' title='bbox 844 235 988 276; x_wconf 87' lang='lat' dir='ltr'>liberos</span> <span class='ocrx_word' id='word_1_24' title='bbox 1018 248 1110 276; x_wconf 90' lang='lat' dir='ltr'>suos</span> <span class='ocrx_word' id='word_1_25' title='bbox 1141 236 1225 276; x_wconf 90' lang='lat' dir='ltr'>eius</span> <span class='ocrx_word' id='word_1_26' title='bbox 1254 236 1486 288; x_wconf 80' lang='lat' dir='ltr'>prudentiae</span> 
     </span>
     <span class='ocr_line' id='line_1_18' title="bbox 56 292 1487 343; baseline 0.003 -15"><span class='ocrx_word' id='word_1_27' title='bbox 56 310 79 337; x_wconf 54' lang='grc' dir='ltr'><em>μ</em></span> <span class='ocrx_word' id='word_1_28' title='bbox 100 292 305 343; x_wconf 76' lang='lat' dir='ltr'>1nitatique</span> <span class='ocrx_word' id='word_1_29' title='bbox 739 292 899 331; x_wconf 89' lang='lat' dir='ltr'>credere</span> <span class='ocrx_word' id='word_1_30' title='bbox 920 304 962 332; x_wconf 90' lang='lat' dir='ltr'>se</span> <span class='ocrx_word' id='word_1_31' title='bbox 983 299 1022 332; x_wconf 90' lang='lat' dir='ltr'>et</span> <span class='ocrx_word' id='word_1_32' title='bbox 1042 297 1127 332; x_wconf 88' lang='lat' dir='ltr'>vota</span> <span class='ocrx_word' id='word_1_33' title='bbox 1149 305 1230 332; x_wconf 89' lang='lat' dir='ltr'>sua.</span> <span class='ocrx_word' id='word_1_34' title='bbox 1272 293 1379 332; x_wconf 90' lang='lat' dir='ltr'>illum</span> <span class='ocrx_word' id='word_1_35' title='bbox 1402 305 1487 334; x_wconf 87' lang='lat' dir='ltr'>esse</span> 
     </span>
     <span class='ocr_line' id='line_1_19' title="bbox 47 348 1487 400; baseline 0.001 -12"><span class='ocrx_word' id='word_1_36' title='bbox 47 349 187 389; x_wconf 55' lang='lat' dir='ltr'>{auum</span> <span class='ocrx_word' id='word_1_37' title='bbox 218 349 257 388; x_wconf 91' lang='lat' dir='ltr'>in</span> <span class='ocrx_word' id='word_1_38' title='bbox 289 354 372 388; x_wconf 91' lang='lat' dir='ltr'>toto</span> <span class='ocrx_word' id='word_1_39' title='bbox 404 348 500 387; x_wconf 92' lang='lat' dir='ltr'>orbe</span> <span class='ocrx_word' id='word_1_40' title='bbox 529 354 744 396; x_wconf 90' lang='lat' dir='ltr'>terrarum,</span> <span class='ocrx_word' id='word_1_41' title='bbox 775 348 841 399; x_wconf 92' lang='lat' dir='ltr'>qui</span> <span class='ocrx_word' id='word_1_42' title='bbox 872 348 1092 400; x_wconf 80' lang='lat' dir='ltr'>praeceptis</span> <span class='ocrx_word' id='word_1_43' title='bbox 1121 348 1236 388; x_wconf 89' lang='lat' dir='ltr'>etiam</span> <span class='ocrx_word' id='word_1_44' title='bbox 1267 349 1487 389; x_wconf 81' lang='lat' dir='ltr'><strong>salubribus</strong></span> 
     </span>
     <span class='ocr_line' id='line_1_20' title="bbox 79 404 1487 458; baseline 0.001 -13.953"><span class='ocrx_word' id='word_1_45' title='bbox 79 410 259 447; x_wconf 75' lang='lat' dir='ltr'>astruere</span> <span class='ocrx_word' id='word_1_46' title='bbox 288 405 448 445; x_wconf 91' lang='lat' dir='ltr'>iuvenes</span> <span class='ocrx_word' id='word_1_47' title='bbox 477 404 651 456; x_wconf 85' lang='lat' dir='ltr'>quotidie</span> <span class='ocrx_word' id='word_1_48' title='bbox 680 410 823 455; x_wconf 91' lang='lat' dir='ltr'>posset.</span> <span class='ocrx_word' id='word_1_49' title='bbox 873 405 919 444; x_wconf 91' lang='lat' dir='ltr'>ad</span> <span class='ocrx_word' id='word_1_50' title='bbox 950 416 1162 453; x_wconf 89' lang='lat' dir='ltr'>summam,</span> <span class='ocrx_word' id='word_1_51' title='bbox 1193 406 1415 458; x_wconf 82' lang='lat' dir='ltr'>relinquere</span> <span class='ocrx_word' id='word_1_52' title='bbox 1445 418 1487 446; x_wconf 92' lang='lat' dir='ltr'>se</span> 
     </span>
     <span class='ocr_line' id='line_1_21' title="bbox 74 460 1266 513; baseline 0 -12"><span class='ocrx_word' id='word_1_53' title='bbox 74 474 206 502; x_wconf 90' lang='lat' dir='ltr'>ueros</span> <span class='ocrx_word' id='word_1_54' title='bbox 226 462 265 501; x_wconf 90' lang='lat' dir='ltr'>iu</span> <span class='ocrx_word' id='word_1_55' title='bbox 289 462 406 501; x_wconf 92' lang='lat' dir='ltr'>domo</span> <span class='ocrx_word' id='word_1_56' title='bbox 428 460 621 513; x_wconf 86' lang='lat' dir='ltr'>Eumolpi,</span> <span class='ocrx_word' id='word_1_57' title='bbox 644 466 686 500; x_wconf 90' lang='lat' dir='ltr'>ut</span> <span class='ocrx_word' id='word_1_58' title='bbox 706 460 815 499; x_wconf 87' lang='lat' dir='ltr'>illum</span> <span class='ocrx_word' id='word_1_59' title='bbox 837 460 1063 511; x_wconf 89' lang='lat' dir='ltr'>loquentem</span> <span class='ocrx_word' id='word_1_60' title='bbox 1086 461 1266 501; x_wconf 79' lang='lat' dir='ltr'>audirent</span> 
     </span>
     <span class='ocr_line' id='line_1_22' title="bbox 50 516 1486 570; baseline 0.002 -15"><span class='ocrx_word' id='word_1_61' title='bbox 50 530 159 558; x_wconf 62' lang='lat' dir='ltr'>,tuae</span> <span class='ocrx_word' id='word_1_62' title='bbox 188 517 278 564; x_wconf 78' lang='lat' dir='ltr'>lsola</span> <span class='ocrx_word' id='word_1_63' title='bbox 308 524 440 570; x_wconf 90' lang='lat' dir='ltr'>posset</span> <span class='ocrx_word' id='word_1_64' title='bbox 470 517 661 556; x_wconf 84' lang='lat' dir='ltr'>hereditas</span> <span class='ocrx_word' id='word_1_65' title='bbox 691 516 897 556; x_wconf 90' lang='lat' dir='ltr'>iuvenibus</span> <span class='ocrx_word' id='word_1_66' title='bbox 926 517 1021 556; x_wconf 90' lang='lat' dir='ltr'>dari.</span> <span class='ocrx_word' id='word_1_67' title='bbox 1077 529 1151 556; x_wconf 86' lang='lat' dir='ltr'>nec</span> <span class='ocrx_word' id='word_1_68' title='bbox 1181 518 1291 557; x_wconf 91' lang='lat' dir='ltr'>aliter</span> <span class='ocrx_word' id='word_1_69' title='bbox 1320 519 1413 558; x_wconf 85' lang='lat' dir='ltr'>fecit</span> <span class='ocrx_word' id='word_1_70' title='bbox 1443 531 1486 558; x_wconf 89' lang='lat' dir='ltr'>ac</span> 
     </span>
     <span class='ocr_line' id='line_1_23' title="bbox 52 573 1485 625; baseline 0.001 -13"><span class='ocrx_word' id='word_1_71' title='bbox 52 575 229 622; x_wconf 69' lang='lat' dir='ltr'>inierat,</span> <span class='ocrx_word' id='word_1_72' title='bbox 251 574 447 625; x_wconf 85' lang='lat' dir='ltr'>filiamque</span> <span class='ocrx_word' id='word_1_73' title='bbox 468 573 792 625; x_wconf 85' lang='lat' dir='ltr'>speciosissimam</span> <span class='ocrx_word' id='word_1_74' title='bbox 815 585 903 612; x_wconf 86' lang='lat' dir='ltr'>cum</span> <span class='ocrx_word' id='word_1_75' title='bbox 925 574 1045 613; x_wconf 81' lang='lat' dir='ltr'>fratre</span> <span class='ocrx_word' id='word_1_76' title='bbox 1067 573 1219 625; x_wconf 89' lang='lat' dir='ltr'>ephebo</span> <span class='ocrx_word' id='word_1_77' title='bbox 1242 575 1280 613; x_wconf 93' lang='lat' dir='ltr'>in</span> <span class='ocrx_word' id='word_1_78' title='bbox 1304 575 1485 615; x_wconf 87' lang='lat' dir='ltr'>cubiculo</span> 
     </span>
     <span class='ocr_line' id='line_1_24' title="bbox 83 630 1485 683; baseline 0 -13"><span class='ocrx_word' id='word_1_79' title='bbox 57 625 220 682; x_wconf 85' lang='lat' dir='ltr'>eliquit</span> <span class='ocrx_word' id='word_1_80' title='bbox 259 630 529 681; x_wconf 85' lang='lat' dir='ltr'>simulavitque</span> <span class='ocrx_word' id='word_1_81' title='bbox 559 635 601 670; x_wconf 85' lang='lat' dir='ltr'>se</span> <span class='ocrx_word' id='word_1_82' title='bbox 631 630 671 669; x_wconf 90' lang='lat' dir='ltr'>in</span> <span class='ocrx_word' id='word_1_83' title='bbox 704 630 892 681; x_wconf 89' lang='lat' dir='ltr'>templum</span> <span class='ocrx_word' id='word_1_84' title='bbox 923 630 980 669; x_wconf 92' lang='lat' dir='ltr'>ire</span> <span class='ocrx_word' id='word_1_85' title='bbox 1010 630 1055 669; x_wconf 85' lang='lat' dir='ltr'>ad</span> <span class='ocrx_word' id='word_1_86' title='bbox 1087 636 1173 670; x_wconf 89' lang='lat' dir='ltr'>vota</span> <span class='ocrx_word' id='word_1_87' title='bbox 1205 631 1485 683; x_wconf 89' lang='lat' dir='ltr'>nuncupanda.</span> 
     </span>
     <span class='ocr_line' id='line_1_25' title="bbox 96 686 1483 739; baseline 0 -12"><span class='ocrx_word' id='word_1_88' title='bbox 96 687 292 739; x_wconf 88' lang='lat' dir='ltr'>umolpus,</span> <span class='ocrx_word' id='word_1_89' title='bbox 314 687 381 738; x_wconf 90' lang='lat' dir='ltr'>qui</span> <span class='ocrx_word' id='word_1_90' title='bbox 401 693 477 726; x_wconf 88' lang='lat' dir='ltr'>tam</span> <span class='ocrx_word' id='word_1_91' title='bbox 499 687 601 738; x_wconf 78' lang='lat' dir='ltr'>frugi</span> <span class='ocrx_word' id='word_1_92' title='bbox 622 691 705 726; x_wconf 90' lang='lat' dir='ltr'>erat</span> <span class='ocrx_word' id='word_1_93' title='bbox 726 692 768 725; x_wconf 86' lang='lat' dir='ltr'>ut</span> <span class='ocrx_word' id='word_1_94' title='bbox 787 686 839 725; x_wconf 90' lang='lat' dir='ltr'>illi</span> <span class='ocrx_word' id='word_1_95' title='bbox 862 686 975 726; x_wconf 88' lang='lat' dir='ltr'>etiam</span> <span class='ocrx_word' id='word_1_96' title='bbox 998 699 1071 738; x_wconf 86' lang='lat' dir='ltr'>ego</span> <span class='ocrx_word' id='word_1_97' title='bbox 1091 698 1192 738; x_wconf 88' lang='lat' dir='ltr'>puer</span> <span class='ocrx_word' id='word_1_98' title='bbox 1209 687 1374 735; x_wconf 89' lang='lat' dir='ltr'>viderer,</span> <span class='ocrx_word' id='word_1_99' title='bbox 1403 700 1483 727; x_wconf 89' lang='lat' dir='ltr'>non</span> 
     </span>
     <span class='ocr_line' id='line_1_26' title="bbox 58 742 1485 807; baseline 0 -23"><span class='ocrx_word' id='word_1_100' title='bbox 58 743 210 784; x_wconf 87' lang='lat' dir='ltr'>istulit</span> <span class='ocrx_word' id='word_1_101' title='bbox 239 743 408 796; x_wconf 87' lang='lat' dir='ltr'>puellam</span> <span class='ocrx_word' id='word_1_102' title='bbox 438 743 600 782; x_wconf 88' lang='lat' dir='ltr'>invitare</span> <span class='ocrx_word' id='word_1_103' title='bbox 629 742 675 782; x_wconf 91' lang='lat' dir='ltr'>ad</span> <span class='ocrx_word' id='word_1_104' title='bbox 706 743 892 795; x_wconf 82' lang='lat' dir='ltr'>pigiciaca</span> <span class='ocrx_word' id='word_1_105' title='bbox 923 755 1043 783; x_wconf 87' lang='lat' dir='ltr'>sacra.</span> <span class='ocrx_word' id='word_1_106' title='bbox 1084 743 1151 783; x_wconf 93' lang='lat' dir='ltr'>sed</span> <span class='ocrx_word' id='word_1_107' title='bbox 1173 750 1211 784; x_wconf 91' lang='lat' dir='ltr'>et</span> <span class='ocrx_word' id='word_1_108' title='bbox 1230 744 1485 807; x_wconf 81' lang='lat' dir='ltr'>podagricum</span> 
     </span>
     <span class='ocr_line' id='line_1_27' title="bbox 60 799 1484 851; baseline 0 -11"><span class='ocrx_word' id='word_1_109' title='bbox 60 812 102 841; x_wconf 83' lang='lat' dir='ltr'>se</span> <span class='ocrx_word' id='word_1_110' title='bbox 122 811 206 840; x_wconf 88' lang='lat' dir='ltr'>esse</span> <span class='ocrx_word' id='word_1_111' title='bbox 227 800 529 851; x_wconf 89' lang='lat' dir='ltr'>lumborumque</span> <span class='ocrx_word' id='word_1_112' title='bbox 550 799 768 839; x_wconf 87' lang='lat' dir='ltr'>solutorum</span> <span class='ocrx_word' id='word_1_113' title='bbox 791 799 975 839; x_wconf 89' lang='lat' dir='ltr'>omnibus</span> <span class='ocrx_word' id='word_1_114' title='bbox 995 800 1163 848; x_wconf 84' lang='lat' dir='ltr'>dixerat,</span> <span class='ocrx_word' id='word_1_115' title='bbox 1189 806 1227 840; x_wconf 92' lang='lat' dir='ltr'>et</span> <span class='ocrx_word' id='word_1_116' title='bbox 1247 800 1278 840; x_wconf 92' lang='lat' dir='ltr'>si</span> <span class='ocrx_word' id='word_1_117' title='bbox 1301 813 1381 840; x_wconf 91' lang='lat' dir='ltr'>non</span> <span class='ocrx_word' id='word_1_118' title='bbox 1402 813 1484 840; x_wconf 87' lang='lat' dir='ltr'>ser-</span> 
     </span>
     <span class='ocr_line' id='line_1_28' title="bbox 52 855 1486 910; baseline 0.001 -13.998"><span class='ocrx_word' id='word_1_119' title='bbox 52 862 185 897; x_wconf 80' lang='lat' dir='ltr'>vasset</span> <span class='ocrx_word' id='word_1_120' title='bbox 205 857 394 909; x_wconf 87' lang='lat' dir='ltr'>integram</span> <span class='ocrx_word' id='word_1_121' title='bbox 417 856 716 905; x_wconf 81' lang='lat' dir='ltr'>simulationem,</span> <span class='ocrx_word' id='word_1_122' title='bbox 738 855 1028 908; x_wconf 70' lang='lat' dir='ltr'>peliclitabatur</span> <span class='ocrx_word' id='word_1_123' title='bbox 1047 862 1167 896; x_wconf 89' lang='lat' dir='ltr'>totam</span> <span class='ocrx_word' id='word_1_124' title='bbox 1188 869 1312 910; x_wconf 90' lang='lat' dir='ltr'>paene</span> <span class='ocrx_word' id='word_1_125' title='bbox 1331 863 1486 909; x_wconf 85' lang='lat' dir='ltr'>tragoe-</span> 
     </span>
     <span class='ocr_line' id='line_1_29' title="bbox 53 906 1484 965; baseline -0.001 -11"><span class='ocrx_word' id='word_1_126' title='bbox 53 906 162 954; x_wconf 70' lang='lat' dir='ltr'>Tdiam</span> <span class='ocrx_word' id='word_1_127' title='bbox 183 919 369 953; x_wconf 88' lang='lat' dir='ltr'>evertere</span> <span class='ocrx_word' id='word_1_128' title='bbox 410 913 540 964; x_wconf 89' lang='lat' dir='ltr'>itaque</span> <span class='ocrx_word' id='word_1_129' title='bbox 561 919 605 952; x_wconf 90' lang='lat' dir='ltr'>ut</span> <span class='ocrx_word' id='word_1_130' title='bbox 625 918 822 952; x_wconf 89' lang='lat' dir='ltr'>constaret</span> <span class='ocrx_word' id='word_1_131' title='bbox 841 913 1044 952; x_wconf 88' lang='lat' dir='ltr'>mendacio</span> <span class='ocrx_word' id='word_1_132' title='bbox 1066 913 1184 960; x_wconf 87' lang='lat' dir='ltr'>fides,</span> <span class='ocrx_word' id='word_1_133' title='bbox 1207 914 1375 965; x_wconf 90' lang='lat' dir='ltr'>puellam</span> <span class='ocrx_word' id='word_1_134' title='bbox 1398 914 1484 965; x_wconf 89' lang='lat' dir='ltr'>qui-</span> 
     </span>
     <span class='ocr_line' id='line_1_30' title="bbox 25 966 1484 1021; baseline -0.002 -8"><span class='ocrx_word' id='word_1_135' title='bbox 25 1011 26 1014; x_wconf 64' lang='lat'>,</span> <span class='ocrx_word' id='word_1_136' title='bbox 47 966 148 1011; x_wconf 55' lang='lat' dir='ltr'>¹dem</span> <span class='ocrx_word' id='word_1_137' title='bbox 170 970 363 1014; x_wconf 87' lang='lat' dir='ltr'>exoravit</span> <span class='ocrx_word' id='word_1_138' title='bbox 386 975 428 1008; x_wconf 88' lang='lat' dir='ltr'>ut</span> <span class='ocrx_word' id='word_1_139' title='bbox 448 969 602 1009; x_wconf 88' lang='lat' dir='ltr'>sederet</span> <span class='ocrx_word' id='word_1_140' title='bbox 621 981 742 1021; x_wconf 90' lang='lat' dir='ltr'>super</span> <span class='ocrx_word' id='word_1_141' title='bbox 762 970 1069 1008; x_wconf 85' lang='lat' dir='ltr'>commendatam</span> <span class='ocrx_word' id='word_1_142' title='bbox 1092 970 1326 1018; x_wconf 89' lang='lat' dir='ltr'>bonitatem,</span> <span class='ocrx_word' id='word_1_143' title='bbox 1349 970 1484 1010; x_wconf 88' lang='lat' dir='ltr'>Coraci</span> 
     </span>
     <span class='ocr_line' id='line_1_31' title="bbox 55 1025 1484 1079; baseline 0.001 -12.978"><span class='ocrx_word' id='word_1_144' title='bbox 55 1031 189 1067; x_wconf 77' lang='lat' dir='ltr'>autem</span> <span class='ocrx_word' id='word_1_145' title='bbox 209 1026 434 1078; x_wconf 87' lang='lat' dir='ltr'>imperavit,</span> <span class='ocrx_word' id='word_1_146' title='bbox 465 1032 509 1065; x_wconf 90' lang='lat' dir='ltr'>ut</span> <span class='ocrx_word' id='word_1_147' title='bbox 529 1025 716 1072; x_wconf 89' lang='lat' dir='ltr'>lectum,</span> <span class='ocrx_word' id='word_1_148' title='bbox 707 1039 747 1064; x_wconf 88' lang='lat' dir='ltr'>in</span> <span class='ocrx_word' id='word_1_149' title='bbox 772 1038 849 1076; x_wconf 89' lang='lat' dir='ltr'>quo</span> <span class='ocrx_word' id='word_1_150' title='bbox 870 1026 952 1078; x_wconf 90' lang='lat' dir='ltr'>ipse</span> <span class='ocrx_word' id='word_1_151' title='bbox 975 1025 1136 1075; x_wconf 89' lang='lat' dir='ltr'>iacebat,</span> <span class='ocrx_word' id='word_1_152' title='bbox 1158 1025 1308 1066; x_wconf 90' lang='lat' dir='ltr'>subiret</span> <span class='ocrx_word' id='word_1_153' title='bbox 1329 1027 1484 1079; x_wconf 89' lang='lat' dir='ltr'>positis-</span> 
     </span>
     <span class='ocr_line' id='line_1_32' title="bbox 166 1081 1484 1135; baseline 0.001 -12.895"><span class='ocrx_word' id='word_1_154' title='bbox 166 1083 204 1122; x_wconf 91' lang='lat' dir='ltr'>in</span> <span class='ocrx_word' id='word_1_155' title='bbox 237 1083 457 1135; x_wconf 86' lang='lat' dir='ltr'>pavimento</span> <span class='ocrx_word' id='word_1_156' title='bbox 487 1081 668 1122; x_wconf 89' lang='lat' dir='ltr'>manibus</span> <span class='ocrx_word' id='word_1_157' title='bbox 697 1082 898 1122; x_wconf 91' lang='lat' dir='ltr'>dominum</span> <span class='ocrx_word' id='word_1_158' title='bbox 929 1082 1072 1122; x_wconf 90' lang='lat' dir='ltr'>lumbis</span> <span class='ocrx_word' id='word_1_159' title='bbox 1100 1083 1180 1123; x_wconf 91' lang='lat' dir='ltr'>suis</span> <span class='ocrx_word' id='word_1_160' title='bbox 1209 1090 1484 1123; x_wconf 87' lang='lat' dir='ltr'>commoveret.</span> 
     </span>
     <span class='ocr_line' id='line_1_33' title="bbox 152 1138 1484 1192; baseline 0.001 -12.905"><span class='ocrx_word' id='word_1_161' title='bbox 152 1139 258 1179; x_wconf 90' lang='lat' dir='ltr'>lente</span> <span class='ocrx_word' id='word_1_162' title='bbox 287 1139 447 1192; x_wconf 86' lang='lat' dir='ltr'>parebat</span> <span class='ocrx_word' id='word_1_163' title='bbox 477 1138 642 1191; x_wconf 89' lang='lat' dir='ltr'>imperio</span> <span class='ocrx_word' id='word_1_164' title='bbox 674 1138 904 1190; x_wconf 89' lang='lat' dir='ltr'>puellaeque</span> <span class='ocrx_word' id='word_1_165' title='bbox 934 1138 1139 1178; x_wconf 86' lang='lat' dir='ltr'>artificium</span> <span class='ocrx_word' id='word_1_166' title='bbox 1170 1139 1254 1191; x_wconf 89' lang='lat' dir='ltr'>pari</span> <span class='ocrx_word' id='word_1_167' title='bbox 1285 1146 1390 1179; x_wconf 89' lang='lat' dir='ltr'>motu</span> <span class='ocrx_word' id='word_1_168' title='bbox 1418 1152 1484 1180; x_wconf 88' lang='lat' dir='ltr'>re-</span> 
     </span>
     <span class='ocr_line' id='line_1_34' title="bbox 23 1192 1483 1248; baseline 0 -12"><span class='ocrx_word' id='word_1_169' title='bbox 23 1192 301 1245; x_wconf 60' lang='lat' dir='ltr'>flmunerabat.</span> <span class='ocrx_word' id='word_1_170' title='bbox 342 1208 430 1235; x_wconf 86' lang='lat' dir='ltr'>cum</span> <span class='ocrx_word' id='word_1_171' title='bbox 462 1208 555 1247; x_wconf 85' lang='lat' dir='ltr'>ergo</span> <span class='ocrx_word' id='word_1_172' title='bbox 585 1207 648 1235; x_wconf 91' lang='lat' dir='ltr'>res</span> <span class='ocrx_word' id='word_1_173' title='bbox 677 1195 722 1234; x_wconf 90' lang='lat' dir='ltr'>ad</span> <span class='ocrx_word' id='word_1_174' title='bbox 751 1195 933 1235; x_wconf 81' lang='lat' dir='ltr'>effectum</span> <span class='ocrx_word' id='word_1_175' title='bbox 954 1201 1169 1248; x_wconf 85' lang='lat' dir='ltr'>spectaret,</span> <span class='ocrx_word' id='word_1_176' title='bbox 1201 1196 1302 1235; x_wconf 88' lang='lat' dir='ltr'>clara</span> <span class='ocrx_word' id='word_1_177' title='bbox 1322 1196 1483 1236; x_wconf 91' lang='lat' dir='ltr'>Eumol-</span> 
     </span>
     <span class='ocr_line' id='line_1_35' title="bbox 12 1251 1485 1305; baseline 0 -13"><span class='ocrx_word' id='word_1_178' title='bbox 12 1254 135 1305; x_wconf 47' lang='lat' dir='ltr'>tssQ-us</span> <span class='ocrx_word' id='word_1_179' title='bbox 164 1265 257 1292; x_wconf 89' lang='lat' dir='ltr'>voce</span> <span class='ocrx_word' id='word_1_180' title='bbox 287 1252 562 1292; x_wconf 85' lang='lat' dir='ltr'>exhortabatur</span> <span class='ocrx_word' id='word_1_181' title='bbox 588 1251 753 1299; x_wconf 87' lang='lat' dir='ltr'>Coraca,</span> <span class='ocrx_word' id='word_1_182' title='bbox 785 1258 827 1291; x_wconf 88' lang='lat' dir='ltr'>ut</span> <span class='ocrx_word' id='word_1_183' title='bbox 856 1252 1043 1304; x_wconf 87' lang='lat' dir='ltr'>spissaret</span> <span class='ocrx_word' id='word_1_184' title='bbox 1072 1252 1255 1292; x_wconf 85' lang='lat' dir='ltr'>officium.</span> <span class='ocrx_word' id='word_1_185' title='bbox 1296 1253 1351 1293; x_wconf 90' lang='lat' dir='ltr'>sic</span> <span class='ocrx_word' id='word_1_186' title='bbox 1381 1253 1485 1293; x_wconf 88' lang='lat' dir='ltr'>inter</span> 
     </span>
     <span class='ocr_line' id='line_1_36' title="bbox 84 1309 1483 1360; baseline 0 -11"><span class='ocrx_word' id='word_1_187' title='bbox 84 1309 373 1350; x_wconf 80' lang='lat' dir='ltr'>·ercennarium</span> <span class='ocrx_word' id='word_1_188' title='bbox 399 1309 642 1360; x_wconf 88' lang='lat' dir='ltr'>amicamque</span> <span class='ocrx_word' id='word_1_189' title='bbox 662 1309 813 1360; x_wconf 87' lang='lat' dir='ltr'>positus</span> <span class='ocrx_word' id='word_1_190' title='bbox 834 1321 953 1348; x_wconf 87' lang='lat' dir='ltr'>senex</span> <span class='ocrx_word' id='word_1_191' title='bbox 974 1309 1091 1349; x_wconf 89' lang='lat' dir='ltr'>veluti</span> <span class='ocrx_word' id='word_1_192' title='bbox 1113 1309 1353 1349; x_wconf 89' lang='lat' dir='ltr'>oscillatione</span> <span class='ocrx_word' id='word_1_193' title='bbox 1374 1310 1483 1349; x_wconf 92' lang='lat' dir='ltr'>lude-</span> 
     </span>
     <span class='ocr_line' id='line_1_37' title="bbox 12 1355 1484 1418; baseline 0.001 -14"><span class='ocrx_word' id='word_1_194' title='bbox 12 1355 136 1406; x_wconf 47' lang='lat' dir='ltr'>libat.</span> <span class='ocrx_word' id='word_1_195' title='bbox 175 1366 251 1405; x_wconf 91' lang='lat' dir='ltr'>hoc</span> <span class='ocrx_word' id='word_1_196' title='bbox 280 1366 400 1406; x_wconf 89' lang='lat' dir='ltr'>semel</span> <span class='ocrx_word' id='word_1_197' title='bbox 429 1366 649 1416; x_wconf 85' lang='lat' dir='ltr'>iterumque</span> <span class='ocrx_word' id='word_1_198' title='bbox 681 1365 831 1417; x_wconf 87' lang='lat' dir='ltr'>ingenti</span> <span class='ocrx_word' id='word_1_199' title='bbox 862 1365 966 1413; x_wconf 84' lang='lat' dir='ltr'>risu,</span> <span class='ocrx_word' id='word_1_200' title='bbox 992 1363 1112 1405; x_wconf 90' lang='lat' dir='ltr'>etiam</span> <span class='ocrx_word' id='word_1_201' title='bbox 1142 1379 1234 1413; x_wconf 88' lang='lat' dir='ltr'>suo,</span> <span class='ocrx_word' id='word_1_202' title='bbox 1266 1365 1484 1418; x_wconf 89' lang='lat' dir='ltr'>Eumolpus</span> 
     </span>
     <span class='ocr_line' id='line_1_38' title="bbox 13 1422 1482 1487; baseline -0.001 -24"><span class='ocrx_word' id='word_1_203' title='bbox 13 1436 26 1469; x_wconf 74' lang='grc'>’,</span> <span class='ocrx_word' id='word_1_204' title='bbox 59 1422 215 1463; x_wconf 76' lang='lat' dir='ltr'>fecerat.</span> <span class='ocrx_word' id='word_1_205' title='bbox 256 1422 386 1474; x_wconf 88' lang='lat' dir='ltr'>itaque</span> <span class='ocrx_word' id='word_1_206' title='bbox 417 1435 489 1474; x_wconf 86' lang='lat' dir='ltr'>ego</span> <span class='ocrx_word' id='word_1_207' title='bbox 520 1434 700 1485; x_wconf 81' lang='lat' dir='ltr'>quoque,</span> <span class='ocrx_word' id='word_1_208' title='bbox 732 1434 781 1461; x_wconf 89' lang='lat' dir='ltr'>ne</span> <span class='ocrx_word' id='word_1_209' title='bbox 812 1422 956 1462; x_wconf 89' lang='lat' dir='ltr'>desidia</span> <span class='ocrx_word' id='word_1_210' title='bbox 987 1422 1314 1462; x_wconf 87' lang='lat' dir='ltr'>consuetudinem</span> <span class='ocrx_word' id='word_1_211' title='bbox 1342 1423 1482 1487; x_wconf 87' lang='lat' dir='ltr'>perde-</span> 
     </span>
     <span class='ocr_line' id='line_1_39' title="bbox 35 1478 1483 1530; baseline 0 -12"><span class='ocrx_word' id='word_1_212' title='bbox 35 1506 42 1511; x_wconf 64' lang='grc'><strong><em>»</em></strong></span> <span class='ocrx_word' id='word_1_213' title='bbox 79 1491 161 1528; x_wconf 88' lang='lat' dir='ltr'>em,</span> <span class='ocrx_word' id='word_1_214' title='bbox 191 1478 283 1518; x_wconf 89' lang='lat' dir='ltr'>dum</span> <span class='ocrx_word' id='word_1_215' title='bbox 315 1481 435 1519; x_wconf 80' lang='lat' dir='ltr'>frater</span> <span class='ocrx_word' id='word_1_216' title='bbox 463 1478 611 1518; x_wconf 89' lang='lat' dir='ltr'>sororis</span> <span class='ocrx_word' id='word_1_217' title='bbox 640 1490 732 1518; x_wconf 86' lang='lat' dir='ltr'>suae</span> <span class='ocrx_word' id='word_1_218' title='bbox 763 1484 956 1518; x_wconf 85' lang='lat' dir='ltr'>automata</span> <span class='ocrx_word' id='word_1_219' title='bbox 978 1491 1048 1530; x_wconf 90' lang='lat' dir='ltr'>per</span> <span class='ocrx_word' id='word_1_220' title='bbox 1067 1479 1286 1519; x_wconf 86' lang='lat' dir='ltr'>clostellum</span> <span class='ocrx_word' id='word_1_221' title='bbox 1306 1480 1483 1528; x_wconf 85' lang='lat' dir='ltr'>miratur,</span> 
     </span>
     <span class='ocr_line' id='line_1_40' title="bbox 22 1535 1482 1588; baseline 0 -12"><span class='ocrx_word' id='word_1_222' title='bbox 22 1559 26 1576; x_wconf 83' lang='grc'><em>;</em></span> <span class='ocrx_word' id='word_1_223' title='bbox 37 1535 202 1586; x_wconf 82' lang='lat' dir='ltr'>access1</span> <span class='ocrx_word' id='word_1_224' title='bbox 233 1541 514 1588; x_wconf 82' lang='lat' dir='ltr'>temptaturus,</span> <span class='ocrx_word' id='word_1_225' title='bbox 545 1547 593 1574; x_wconf 89' lang='lat' dir='ltr'>an</span> <span class='ocrx_word' id='word_1_226' title='bbox 626 1540 827 1586; x_wconf 86' lang='lat' dir='ltr'>pateretur</span> <span class='ocrx_word' id='word_1_227' title='bbox 856 1535 1049 1574; x_wconf 86' lang='lat' dir='ltr'>iniuriam.</span> <span class='ocrx_word' id='word_1_228' title='bbox 1091 1548 1165 1575; x_wconf 91' lang='lat' dir='ltr'>nec</span> <span class='ocrx_word' id='word_1_229' title='bbox 1195 1549 1237 1576; x_wconf 91' lang='lat' dir='ltr'>se</span> <span class='ocrx_word' id='word_1_230' title='bbox 1257 1536 1443 1576; x_wconf 89' lang='lat' dir='ltr'>reiciebat</span> <span class='ocrx_word' id='word_1_231' title='bbox 1462 1548 1482 1576; x_wconf 92' lang='lat' dir='ltr'>a</span> 
     </span>
     <span class='ocr_line' id='line_1_41' title="bbox 47 1591 1482 1645; baseline 0.001 -14"><span class='ocrx_word' id='word_1_232' title='bbox 47 1592 254 1631; x_wconf 60' lang='lat' dir='ltr'>blanditiis</span> <span class='ocrx_word' id='word_1_233' title='bbox 274 1592 522 1632; x_wconf 84' lang='lat' dir='ltr'>doctissimus</span> <span class='ocrx_word' id='word_1_234' title='bbox 542 1603 662 1643; x_wconf 89' lang='lat' dir='ltr'>puer,</span> <span class='ocrx_word' id='word_1_235' title='bbox 684 1591 752 1631; x_wconf 91' lang='lat' dir='ltr'>sed</span> <span class='ocrx_word' id='word_1_236' title='bbox 773 1603 834 1630; x_wconf 92' lang='lat' dir='ltr'>me</span> <span class='ocrx_word' id='word_1_237' title='bbox 857 1604 1004 1631; x_wconf 88' lang='lat' dir='ltr'>numen</span> <span class='ocrx_word' id='word_1_238' title='bbox 1026 1592 1228 1632; x_wconf 90' lang='lat' dir='ltr'>inimicum</span> <span class='ocrx_word' id='word_1_239' title='bbox 1250 1592 1301 1632; x_wconf 88' lang='lat' dir='ltr'>ibi</span> <span class='ocrx_word' id='word_1_240' title='bbox 1325 1605 1482 1645; x_wconf 87' lang='lat' dir='ltr'>quoque</span> 
     </span>
     <span class='ocr_line' id='line_1_42' title="bbox 72 1649 206 1688; baseline 0 0"><span class='ocrx_word' id='word_1_241' title='bbox 72 1649 206 1688; x_wconf 87' lang='lat' dir='ltr'>nvenit</span> 
     </span>
    </p>

    <p class='ocr_par' dir='ltr' id='par_1_4' title="bbox 11 1702 1481 2153">
     <span class='ocr_line' id='line_1_43' title="bbox 755 1702 775 1724; baseline 0 -4"><span class='ocrx_word' id='word_1_242' title='bbox 755 1702 775 1724; x_wconf 71' lang='lat' dir='ltr'>&gt;k</span> 
     </span>
     <span class='ocr_line' id='line_1_44' title="bbox 11 1760 1479 1825; baseline 0.003 -27"><span class='ocrx_word' id='word_1_243' title='bbox 11 1787 25 1798; x_wconf 26' lang='lat'>⁴-</span> <span class='ocrx_word' id='word_1_244' title='bbox 169 1761 233 1800; x_wconf 91' lang='lat' dir='ltr'>‘dii</span> <span class='ocrx_word' id='word_1_245' title='bbox 256 1772 378 1800; x_wconf 81' lang='lat' dir='ltr'>maim</span> <span class='ocrx_word' id='word_1_246' title='bbox 380 1774 421 1800; x_wconf 88' lang='lat' dir='ltr'>es</span> <span class='ocrx_word' id='word_1_247' title='bbox 442 1767 548 1807; x_wconf 90' lang='lat' dir='ltr'>sunt,</span> <span class='ocrx_word' id='word_1_248' title='bbox 571 1760 637 1812; x_wconf 93' lang='lat' dir='ltr'>qui</span> <span class='ocrx_word' id='word_1_249' title='bbox 659 1772 721 1799; x_wconf 91' lang='lat' dir='ltr'>me</span> <span class='ocrx_word' id='word_1_250' title='bbox 742 1760 1003 1800; x_wconf 87' lang='lat' dir='ltr'>restituerunt</span> <span class='ocrx_word' id='word_1_251' title='bbox 1018 1761 1058 1800; x_wconf 91' lang='lat' dir='ltr'>in</span> <span class='ocrx_word' id='word_1_252' title='bbox 1084 1761 1294 1825; x_wconf 81' lang='lat' dir='ltr'>integrum.</span> <span class='ocrx_word' id='word_1_253' title='bbox 1326 1761 1479 1802; x_wconf 89' lang='lat' dir='ltr'>Mercu-</span> 
     </span>
     <span class='ocr_line' id='line_1_45' title="bbox 27 1804 1481 1868; baseline 0.002 -12.021"><span class='ocrx_word' id='word_1_254' title='bbox 27 1804 88 1863; x_wconf 28' lang='lat'>513*-</span> <span class='ocrx_word' id='word_1_255' title='bbox 76 1829 138 1857; x_wconf 87' lang='lat' dir='ltr'>ius</span> <span class='ocrx_word' id='word_1_256' title='bbox 168 1817 294 1861; x_wconf 84' lang='lat' dir='ltr'>enim,</span> <span class='ocrx_word' id='word_1_257' title='bbox 324 1817 390 1868; x_wconf 92' lang='lat' dir='ltr'>qui</span> <span class='ocrx_word' id='word_1_258' title='bbox 420 1817 568 1856; x_wconf 90' lang='lat' dir='ltr'>animas</span> <span class='ocrx_word' id='word_1_259' title='bbox 598 1816 742 1856; x_wconf 90' lang='lat' dir='ltr'>ducere</span> <span class='ocrx_word' id='word_1_260' title='bbox 763 1824 801 1856; x_wconf 94' lang='lat' dir='ltr'>et</span> <span class='ocrx_word' id='word_1_261' title='bbox 822 1817 1010 1857; x_wconf 87' lang='lat' dir='ltr'>reducere</span> <span class='ocrx_word' id='word_1_262' title='bbox 1029 1818 1149 1866; x_wconf 92' lang='lat' dir='ltr'>solet,</span> <span class='ocrx_word' id='word_1_263' title='bbox 1179 1818 1260 1858; x_wconf 91' lang='lat' dir='ltr'>suis</span> <span class='ocrx_word' id='word_1_264' title='bbox 1279 1818 1481 1859; x_wconf 84' lang='lat' dir='ltr'>beneficiis</span> 
     </span>
     <span class='ocr_line' id='line_1_46' title="bbox 12 1855 1481 1928; baseline 0.002 -16.039"><span class='ocrx_word' id='word_1_265' title='bbox 12 1855 61 1928; x_wconf 39' lang='lat'>:5³</span> <span class='ocrx_word' id='word_1_266' title='bbox 89 1893 91 1895; x_wconf 96' lang='lat'>·</span> <span class='ocrx_word' id='word_1_267' title='bbox 109 1872 222 1913; x_wconf 89' lang='lat' dir='ltr'>didit</span> <span class='ocrx_word' id='word_1_268' title='bbox 240 1873 355 1922; x_wconf 89' lang='lat' dir='ltr'>mihi,</span> <span class='ocrx_word' id='word_1_269' title='bbox 378 1874 481 1924; x_wconf 91' lang='lat' dir='ltr'>quod</span> <span class='ocrx_word' id='word_1_270' title='bbox 503 1885 643 1912; x_wconf 90' lang='lat' dir='ltr'>manus</span> <span class='ocrx_word' id='word_1_271' title='bbox 663 1872 760 1912; x_wconf 83' lang='lat' dir='ltr'>irata</span> <span class='ocrx_word' id='word_1_272' title='bbox 782 1873 1042 1925; x_wconf 86' lang='lat' dir='ltr'>praeciderat,</span> <span class='ocrx_word' id='word_1_273' title='bbox 1075 1880 1117 1914; x_wconf 91' lang='lat' dir='ltr'>ut</span> <span class='ocrx_word' id='word_1_274' title='bbox 1136 1875 1235 1915; x_wconf 91' lang='lat' dir='ltr'>scias</span> <span class='ocrx_word' id='word_1_275' title='bbox 1254 1887 1317 1915; x_wconf 91' lang='lat' dir='ltr'>me</span> <span class='ocrx_word' id='word_1_276' title='bbox 1336 1876 1481 1927; x_wconf 86' lang='lat' dir='ltr'>gratio-</span> 
     </span>
     <span class='ocr_line' id='line_1_47' title="bbox 27 1926 1480 2001; baseline 0.002 -32"><span class='ocrx_word' id='word_1_277' title='bbox 27 1926 196 2001; x_wconf 63' lang='lat' dir='ltr'>aierem</span> <span class='ocrx_word' id='word_1_278' title='bbox 234 1942 319 1970; x_wconf 85' lang='lat' dir='ltr'>esse</span> <span class='ocrx_word' id='word_1_279' title='bbox 357 1942 471 1981; x_wconf 86' lang='lat' dir='ltr'>quam</span> <span class='ocrx_word' id='word_1_280' title='bbox 503 1929 759 1969; x_wconf 86' lang='lat' dir='ltr'>Protesilaum</span> <span class='ocrx_word' id='word_1_281' title='bbox 789 1936 856 1970; x_wconf 90' lang='lat' dir='ltr'>aut</span> <span class='ocrx_word' id='word_1_282' title='bbox 885 1942 1120 1982; x_wconf 88' lang='lat' dir='ltr'>quemquam</span> <span class='ocrx_word' id='word_1_283' title='bbox 1151 1932 1269 1971; x_wconf 88' lang='lat' dir='ltr'>alium</span> <span class='ocrx_word' id='word_1_284' title='bbox 1298 1932 1480 1984; x_wconf 85' lang='lat' dir='ltr'>antiquo-</span> 
     </span>
     <span class='ocr_line' id='line_1_48' title="bbox 26 1986 1480 2040; baseline 0.001 -14.042"><span class='ocrx_word' id='word_1_285' title='bbox 26 1986 172 2035; x_wconf 87' lang='grc' dir='ltr'>ιιιιιι.’</span> <span class='ocrx_word' id='word_1_286' title='bbox 181 1986 305 2026; x_wconf 87' lang='lat' dir='ltr'>haec</span> <span class='ocrx_word' id='word_1_287' title='bbox 334 1986 489 2026; x_wconf 93' lang='lat' dir='ltr'>locutus</span> <span class='ocrx_word' id='word_1_288' title='bbox 518 1986 656 2026; x_wconf 89' lang='lat' dir='ltr'>sustuli</span> <span class='ocrx_word' id='word_1_289' title='bbox 687 1986 858 2026; x_wconf 89' lang='lat' dir='ltr'>tunicam</span> <span class='ocrx_word' id='word_1_290' title='bbox 880 1986 1154 2039; x_wconf 89' lang='lat' dir='ltr'>Eumolpoque</span> <span class='ocrx_word' id='word_1_291' title='bbox 1183 2000 1246 2028; x_wconf 92' lang='lat' dir='ltr'>me</span> <span class='ocrx_word' id='word_1_292' title='bbox 1266 1994 1392 2028; x_wconf 89' lang='lat' dir='ltr'>totum</span> <span class='ocrx_word' id='word_1_293' title='bbox 1411 2001 1480 2040; x_wconf 92' lang='lat' dir='ltr'>ap·</span> 
     </span>
     <span class='ocr_line' id='line_1_49' title="bbox 16 2037 1480 2099; baseline 0.001 -17.006"><span class='ocrx_word' id='word_1_294' title='bbox 16 2037 228 2099; x_wconf 33' lang='lat' dir='ltr'>&amp;probavi</span> <span class='ocrx_word' id='word_1_295' title='bbox 268 2048 306 2082; x_wconf 91' lang='lat' dir='ltr'>at</span> <span class='ocrx_word' id='word_1_296' title='bbox 334 2043 398 2083; x_wconf 90' lang='lat' dir='ltr'>ille</span> <span class='ocrx_word' id='word_1_297' title='bbox 428 2044 556 2095; x_wconf 85' lang='lat' dir='ltr'>primo</span> <span class='ocrx_word' id='word_1_298' title='bbox 585 2043 804 2091; x_wconf 87' lang='lat' dir='ltr'>exhorruit,</span> <span class='ocrx_word' id='word_1_299' title='bbox 835 2043 977 2084; x_wconf 88' lang='lat' dir='ltr'>deinde</span> <span class='ocrx_word' id='word_1_300' title='bbox 997 2050 1041 2084; x_wconf 91' lang='lat' dir='ltr'>ut</span> <span class='ocrx_word' id='word_1_301' title='bbox 1061 2045 1271 2096; x_wconf 90' lang='lat' dir='ltr'>plurimum</span> <span class='ocrx_word' id='word_1_302' title='bbox 1293 2045 1480 2093; x_wconf 88' lang='lat' dir='ltr'>crederet,</span> 
     </span>
     <span class='ocr_line' id='line_1_50' title="bbox 18 2099 914 2159; baseline -0.001 -18.997"><span class='ocrx_word' id='word_1_303' title='bbox 18 2099 222 2159; x_wconf 40' lang='lat' dir='ltr'>,suu-aque</span> <span class='ocrx_word' id='word_1_304' title='bbox 243 2111 361 2139; x_wconf 89' lang='lat' dir='ltr'>manu</span> <span class='ocrx_word' id='word_1_305' title='bbox 383 2101 545 2139; x_wconf 87' lang='lat' dir='ltr'>deorum</span> <span class='ocrx_word' id='word_1_306' title='bbox 566 2099 755 2139; x_wconf 86' lang='lat' dir='ltr'>beneficia</span> <span class='ocrx_word' id='word_1_307' title='bbox 776 2105 914 2139; x_wconf 87' lang='lat' dir='ltr'>tractat</span> 
     </span>
    </p>

    <p class='ocr_par' dir='ltr' id='par_1_5' title="bbox 755 2171 775 2193">
     <span class='ocr_line' id='line_1_51' title="bbox 755 2171 775 2193; baseline 0 -4"><span class='ocrx_word' id='word_1_308' title='bbox 755 2171 775 2193; x_wconf 80' lang='lat'><em>*</em></span> 
     </span>
    </p>

    <p class='ocr_par' dir='ltr' id='par_1_6' title="bbox 10 2180 1479 2434">
     <span class='ocr_line' id='line_1_52' title="bbox 16 2180 1479 2265; baseline 0.001 -14.004"><span class='ocrx_word' id='word_1_309' title='bbox 16 2180 54 2254; x_wconf 43' lang='grc' dir='ltr'>ἶ,</span> <span class='ocrx_word' id='word_1_310' title='bbox 169 2212 386 2259; x_wconf 87' lang='lat' dir='ltr'>‘Socrates,</span> <span class='ocrx_word' id='word_1_311' title='bbox 417 2212 578 2251; x_wconf 89' lang='lat' dir='ltr'>deorum</span> <span class='ocrx_word' id='word_1_312' title='bbox 601 2212 885 2264; x_wconf 90' lang='lat' dir='ltr'>hominumque</span> <span class='ocrx_word' id='word_1_313' title='bbox 908 2227 955 2260; x_wconf 65' lang='grc' dir='ltr'>ιιι,</span> <span class='ocrx_word' id='word_1_314' title='bbox 985 2212 1141 2264; x_wconf 89' lang='lat' dir='ltr'>gloriari</span> <span class='ocrx_word' id='word_1_315' title='bbox 1172 2212 1342 2261; x_wconf 88' lang='lat' dir='ltr'>solebat,</span> <span class='ocrx_word' id='word_1_316' title='bbox 1375 2214 1479 2265; x_wconf 89' lang='lat' dir='ltr'>quod</span> 
     </span>
     <span class='ocr_line' id='line_1_53' title="bbox 86 2268 1479 2321; baseline 0.002 -14.845"><span class='ocrx_word' id='word_1_317' title='bbox 86 2278 256 2320; x_wconf 84' lang='lat' dir='ltr'>unquam</span> <span class='ocrx_word' id='word_1_318' title='bbox 286 2281 415 2320; x_wconf 87' lang='lat' dir='ltr'>neque</span> <span class='ocrx_word' id='word_1_319' title='bbox 445 2268 483 2308; x_wconf 93' lang='lat' dir='ltr'>in</span> <span class='ocrx_word' id='word_1_320' title='bbox 507 2268 709 2308; x_wconf 90' lang='lat' dir='ltr'>tabernam</span> <span class='ocrx_word' id='word_1_321' title='bbox 731 2276 990 2321; x_wconf 83' lang='lat' dir='ltr'>conspexerat</span> <span class='ocrx_word' id='word_1_322' title='bbox 1011 2282 1084 2309; x_wconf 89' lang='lat' dir='ltr'>nec</span> <span class='ocrx_word' id='word_1_323' title='bbox 1105 2269 1220 2309; x_wconf 90' lang='lat' dir='ltr'>ullius</span> <span class='ocrx_word' id='word_1_324' title='bbox 1242 2269 1380 2309; x_wconf 87' lang='lat' dir='ltr'>turbae</span> <span class='ocrx_word' id='word_1_325' title='bbox 1401 2270 1479 2310; x_wconf 78' lang='lat' dir='ltr'>sre-</span> 
     </span>
     <span class='ocr_line' id='line_1_54' title="bbox 42 2325 1478 2377; baseline 0.002 -13"><span class='ocrx_word' id='word_1_326' title='bbox 42 2325 272 2377; x_wconf 50' lang='lat' dir='ltr'>‚ssquentioris</span> <span class='ocrx_word' id='word_1_327' title='bbox 303 2325 469 2365; x_wconf 89' lang='lat' dir='ltr'>concilio</span> <span class='ocrx_word' id='word_1_328' title='bbox 501 2325 636 2365; x_wconf 91' lang='lat' dir='ltr'>oculos</span> <span class='ocrx_word' id='word_1_329' title='bbox 665 2339 758 2366; x_wconf 92' lang='lat' dir='ltr'>suos</span> <span class='ocrx_word' id='word_1_330' title='bbox 787 2326 1016 2369; x_wconf 86' lang='lat' dir='ltr'>crediderat.</span> <span class='ocrx_word' id='word_1_331' title='bbox 1057 2326 1152 2366; x_wconf 89' lang='lat' dir='ltr'>adeo</span> <span class='ocrx_word' id='word_1_332' title='bbox 1175 2326 1272 2366; x_wconf 91' lang='lat' dir='ltr'>nihil</span> <span class='ocrx_word' id='word_1_333' title='bbox 1293 2332 1351 2366; x_wconf 90' lang='lat' dir='ltr'>est</span> <span class='ocrx_word' id='word_1_334' title='bbox 1371 2338 1478 2367; x_wconf 90' lang='lat' dir='ltr'>com-</span> 
     </span>
     <span class='ocr_line' id='line_1_55' title="bbox 38 2381 1007 2434; baseline 0.002 -15"><span class='ocrx_word' id='word_1_335' title='bbox 38 2381 209 2433; x_wconf 66' lang='lat' dir='ltr'>,fmodius</span> <span class='ocrx_word' id='word_1_336' title='bbox 229 2394 344 2433; x_wconf 90' lang='lat' dir='ltr'>quam</span> <span class='ocrx_word' id='word_1_337' title='bbox 366 2394 522 2434; x_wconf 87' lang='lat' dir='ltr'>semper</span> <span class='ocrx_word' id='word_1_338' title='bbox 551 2394 639 2422; x_wconf 92' lang='lat' dir='ltr'>cum</span> <span class='ocrx_word' id='word_1_339' title='bbox 661 2382 850 2434; x_wconf 88' lang='lat' dir='ltr'>sapientia</span> <span class='ocrx_word' id='word_1_340' title='bbox 874 2382 1007 2434; x_wconf 89' lang='lat' dir='ltr'>loqui.&#39;</span> 
     </span>
    </p>
   </div>
   <div class='ocr_carea' id='block_1_4' title="bbox 59 2525 1479 2660">
    <p class='ocr_par' dir='ltr' id='par_1_7' title="bbox 59 2525 1479 2660">
     <span class='ocr_line' id='line_1_56' title="bbox 170 2525 1479 2570; baseline -0.001 -9"><span class='ocrx_word' id='word_1_341' title='bbox 170 2528 186 2562; x_wconf 93' lang='lat'>1</span> <span class='ocrx_word' id='word_1_342' title='bbox 213 2531 249 2560; x_wconf 82' lang='lat' dir='ltr'>nt</span> <span class='ocrx_word' id='word_1_343' title='bbox 273 2525 523 2561; x_wconf 85' lang='lat' dir='ltr'>commendaret</span> <span class='ocrx_word' id='word_1_344' title='bbox 537 2527 714 2560; x_wconf 74' lang='lat' dir='ltr'>lacobsius</span> <span class='ocrx_word' id='word_1_345' title='bbox 729 2527 741 2570; x_wconf 84' lang='grc'>11</span> <span class='ocrx_word' id='word_1_346' title='bbox 761 2527 780 2560; x_wconf 86' lang='grc'>2</span> <span class='ocrx_word' id='word_1_347' title='bbox 798 2537 834 2560; x_wconf 92' lang='lat' dir='ltr'>se</span> <span class='ocrx_word' id='word_1_348' title='bbox 849 2536 928 2569; x_wconf 82' lang='lat' dir='ltr'>spes</span> <span class='ocrx_word' id='word_1_349' title='bbox 952 2530 986 2560; x_wconf 90' lang='lat' dir='ltr'>et</span> <span class='ocrx_word' id='word_1_350' title='bbox 999 2527 1174 2569; x_wconf 71' lang='lat' dir='ltr'>Heinsius,</span> <span class='ocrx_word' id='word_1_351' title='bbox 1192 2536 1229 2561; x_wconf 86' lang='lat' dir='ltr'>se</span> <span class='ocrx_word' id='word_1_352' title='bbox 1246 2527 1275 2561; x_wconf 89' lang='lat' dir='ltr'>ei</span> <span class='ocrx_word' id='word_1_353' title='bbox 1293 2526 1450 2560; x_wconf 71' lang='lat' dir='ltr'>Rolzdt&#39;us</span> <span class='ocrx_word' id='word_1_354' title='bbox 1469 2527 1479 2567; x_wconf 70' lang='lat'>1¹</span> 
     </span>
     <span class='ocr_line' id='line_1_57' title="bbox 59 2564 1479 2617; baseline 0.001 -13"><span class='ocrx_word' id='word_1_355' title='bbox 59 2564 102 2604; x_wconf 83' lang='grc'>’10</span> <span class='ocrx_word' id='word_1_356' title='bbox 125 2568 278 2611; x_wconf 71' lang='lat' dir='ltr'>sor-tane</span> <span class='ocrx_word' id='word_1_357' title='bbox 302 2572 442 2616; x_wconf 84' lang='lat' dir='ltr'>physica</span> <span class='ocrx_word' id='word_1_358' title='bbox 476 2571 488 2615; x_wconf 85' lang='grc' dir='ltr'>ΙΙ</span> <span class='ocrx_word' id='word_1_359' title='bbox 523 2574 562 2606; x_wconf 82' lang='lat'>17</span> <span class='ocrx_word' id='word_1_360' title='bbox 589 2572 692 2605; x_wconf 85' lang='lat' dir='ltr'>lento.</span> <span class='ocrx_word' id='word_1_361' title='bbox 741 2573 905 2604; x_wconf 76' lang='lat' dir='ltr'>omissum</span> <span class='ocrx_word' id='word_1_362' title='bbox 928 2570 1083 2611; x_wconf 75' lang='lat' dir='ltr'>fortasse</span> <span class='ocrx_word' id='word_1_363' title='bbox 1103 2572 1249 2616; x_wconf 84' lang='lat' dir='ltr'>impulsu</span> <span class='ocrx_word' id='word_1_364' title='bbox 1269 2571 1276 2617; x_wconf 82' lang='grc' dir='ltr'>Ι</span> <span class='ocrx_word' id='word_1_365' title='bbox 1297 2572 1479 2616; x_wconf 85' lang='lat' dir='ltr'>puellaque</span> 
     </span>
     <span class='ocr_line' id='line_1_58' title="bbox 61 2613 807 2660; baseline 0.001 -12"><span class='ocrx_word' id='word_1_366' title='bbox 39 2613 302 2665; x_wconf 71' lang='lat' dir='ltr'>Cuperu11133</span> <span class='ocrx_word' id='word_1_367' title='bbox 328 2615 527 2651; x_wconf 81' lang='lat' dir='ltr'>beneficium</span> <span class='ocrx_word' id='word_1_368' title='bbox 553 2617 807 2658; x_wconf 76' lang='lat' dir='ltr'>Scaligeranus</span> 
     </span>
    </p>
   </div>
  </div>
 </body>
</html>
