<?xml version="1.0" encoding="UTF-8"?>
<!DOCTYPE html PUBLIC "-//W3C//DTD XHTML 1.0 Transitional//EN"
    "http://www.w3.org/TR/xhtml1/DTD/xhtml1-transitional.dtd">
<html xmlns="http://www.w3.org/1999/xhtml" xml:lang="en" lang="en">
 <head>
  <title>
</title>
<meta http-equiv="Content-Type" content="text/html;charset=utf-8" />
  <meta name='ocr-system' content='tesseract 3.04.00' />
  <meta name='ocr-capabilities' content='ocr_page ocr_carea ocr_par ocr_line ocrx_word'/>
</head>
<body>
  <div class='ocr_page' id='page_1' title='image "./satiraeetliberpr00petruoft_0053.png"; bbox 0 0 1728 2886; ppageno 0'>
   <div class='ocr_carea' id='block_1_1' title="bbox 669 127 1478 167">
    <p class='ocr_par' dir='ltr' id='par_1_1' title="bbox 669 127 1478 167">
     <span class='ocr_line' id='line_1_1' title="bbox 669 127 1478 167; baseline 0.005 -4"><span class='ocrx_word' id='word_1_1' title='bbox 669 127 856 163; x_wconf 82' lang='lat' dir='ltr'>SATIRAE</span> <span class='ocrx_word' id='word_1_2' title='bbox 1425 129 1478 167; x_wconf 84' lang='lat'>49</span> 
     </span>
    </p>
   </div>
   <div class='ocr_carea' id='block_1_2' title="bbox 31 242 1543 2387">
    <p class='ocr_par' dir='ltr' id='par_1_2' title="bbox 31 242 1543 2387">
     <span class='ocr_line' id='line_1_2' title="bbox 93 242 1478 295; baseline 0.001 -12"><span class='ocrx_word' id='word_1_3' title='bbox 93 243 233 290; x_wconf 80' lang='lat' dir='ltr'><strong>issent,</strong></span> <span class='ocrx_word' id='word_1_4' title='bbox 265 243 434 282; x_wconf 79' lang='lat' dir='ltr'>ducente</span> <span class='ocrx_word' id='word_1_5' title='bbox 454 255 526 295; x_wconf 90' lang='lat' dir='ltr'>per</span> <span class='ocrx_word' id='word_1_6' title='bbox 555 242 750 294; x_wconf 88' lang='lat' dir='ltr'>porticum</span> <span class='ocrx_word' id='word_1_7' title='bbox 773 242 916 283; x_wconf 79' lang='lat' dir='ltr'>Gitone</span> <span class='ocrx_word' id='word_1_8' title='bbox 938 243 984 282; x_wconf 91' lang='lat' dir='ltr'>ad</span> <span class='ocrx_word' id='word_1_9' title='bbox 1006 242 1160 283; x_wconf 90' lang='lat' dir='ltr'>ianuam</span> <span class='ocrx_word' id='word_1_10' title='bbox 1179 243 1379 291; x_wconf 81' lang='lat' dir='ltr'>venimus,</span> <span class='ocrx_word' id='word_1_11' title='bbox 1410 244 1478 284; x_wconf 90' lang='lat' dir='ltr'>ubi</span> 
     </span>
     <span class='ocr_line' id='line_1_3' title="bbox 40 299 1476 353; baseline 0 -12"><span class='ocrx_word' id='word_1_12' title='bbox 40 299 151 341; x_wconf 65' lang='lat' dir='ltr'>annis</span> <span class='ocrx_word' id='word_1_13' title='bbox 174 299 396 339; x_wconf 82' lang='lat' dir='ltr'>catenarius</span> <span class='ocrx_word' id='word_1_14' title='bbox 417 304 526 338; x_wconf 91' lang='lat' dir='ltr'>tanto</span> <span class='ocrx_word' id='word_1_15' title='bbox 548 311 622 338; x_wconf 91' lang='lat' dir='ltr'>nos</span> <span class='ocrx_word' id='word_1_16' title='bbox 642 299 813 339; x_wconf 82' lang='lat' dir='ltr'>tumultu</span> <span class='ocrx_word' id='word_1_17' title='bbox 835 299 1009 351; x_wconf 79' lang='lat' dir='ltr'>excepit,</span> <span class='ocrx_word' id='word_1_18' title='bbox 1039 306 1083 339; x_wconf 91' lang='lat' dir='ltr'>ut</span> <span class='ocrx_word' id='word_1_19' title='bbox 1103 300 1279 353; x_wconf 83' lang='lat' dir='ltr'>Ascyltos</span> <span class='ocrx_word' id='word_1_20' title='bbox 1300 300 1415 340; x_wconf 89' lang='lat' dir='ltr'>etiam</span> <span class='ocrx_word' id='word_1_21' title='bbox 1436 301 1476 341; x_wconf 95' lang='lat' dir='ltr'>in</span> 
     </span>
     <span class='ocr_line' id='line_1_4' title="bbox 38 355 1478 411; baseline 0.001 -15"><span class='ocrx_word' id='word_1_22' title='bbox 38 356 229 411; x_wconf 67' lang='lat' dir='ltr'>piscinam</span> <span class='ocrx_word' id='word_1_23' title='bbox 251 355 448 395; x_wconf 80' lang='lat' dir='ltr'>ceciderit.</span> <span class='ocrx_word' id='word_1_24' title='bbox 479 367 554 395; x_wconf 85' lang='lat' dir='ltr'>nec</span> <span class='ocrx_word' id='word_1_25' title='bbox 575 368 655 395; x_wconf 92' lang='lat' dir='ltr'>non</span> <span class='ocrx_word' id='word_1_26' title='bbox 678 367 751 407; x_wconf 88' lang='lat' dir='ltr'>ego</span> <span class='ocrx_word' id='word_1_27' title='bbox 772 367 932 407; x_wconf 91' lang='lat' dir='ltr'>quoque</span> <span class='ocrx_word' id='word_1_28' title='bbox 947 355 1093 405; x_wconf 78' lang='lat' dir='ltr'>ebrius,</span> <span class='ocrx_word' id='word_1_29' title='bbox 1115 357 1181 408; x_wconf 91' lang='lat' dir='ltr'>qui</span> <span class='ocrx_word' id='word_1_30' title='bbox 1198 356 1314 396; x_wconf 88' lang='lat' dir='ltr'>etiam</span> <span class='ocrx_word' id='word_1_31' title='bbox 1327 357 1478 409; x_wconf 90' lang='lat' dir='ltr'>pictum</span> 
     </span>
     <span class='ocr_line' id='line_1_5' title="bbox 39 412 1478 466; baseline 0.001 -13"><span class='ocrx_word' id='word_1_32' title='bbox 39 412 246 454; x_wconf 72' lang='lat' dir='ltr'>timueram</span> <span class='ocrx_word' id='word_1_33' title='bbox 277 424 414 452; x_wconf 88' lang='lat' dir='ltr'>canem</span> <span class='ocrx_word' id='word_1_34' title='bbox 429 442 439 460; x_wconf 88' lang='lat'>,</span> <span class='ocrx_word' id='word_1_35' title='bbox 470 412 562 451; x_wconf 91' lang='lat' dir='ltr'>dum</span> <span class='ocrx_word' id='word_1_36' title='bbox 588 412 736 451; x_wconf 90' lang='lat' dir='ltr'>natanti</span> <span class='ocrx_word' id='word_1_37' title='bbox 757 424 872 464; x_wconf 89' lang='lat' dir='ltr'>opem</span> <span class='ocrx_word' id='word_1_38' title='bbox 893 413 998 460; x_wconf 81' lang='lat' dir='ltr'>fero,</span> <span class='ocrx_word' id='word_1_39' title='bbox 1029 413 1070 452; x_wconf 91' lang='lat' dir='ltr'>in</span> <span class='ocrx_word' id='word_1_40' title='bbox 1093 414 1261 453; x_wconf 88' lang='lat' dir='ltr'>eundem</span> <span class='ocrx_word' id='word_1_41' title='bbox 1283 414 1478 466; x_wconf 81' lang='lat' dir='ltr'>gurgitem</span> 
     </span>
     <span class='ocr_line' id='line_1_6' title="bbox 38 468 1477 520; baseline 0.001 -10"><span class='ocrx_word' id='word_1_42' title='bbox 38 473 189 511; x_wconf 68' lang='lat' dir='ltr'>tractus</span> <span class='ocrx_word' id='word_1_43' title='bbox 218 481 318 508; x_wconf 89' lang='lat' dir='ltr'>sum.</span> <span class='ocrx_word' id='word_1_44' title='bbox 359 468 524 508; x_wconf 88' lang='lat' dir='ltr'>servavit</span> <span class='ocrx_word' id='word_1_45' title='bbox 553 481 626 508; x_wconf 89' lang='lat' dir='ltr'>nos</span> <span class='ocrx_word' id='word_1_46' title='bbox 655 474 785 508; x_wconf 86' lang='lat' dir='ltr'>tamen</span> <span class='ocrx_word' id='word_1_47' title='bbox 816 468 1019 516; x_wconf 85' lang='lat' dir='ltr'>atriensis,</span> <span class='ocrx_word' id='word_1_48' title='bbox 1051 470 1119 520; x_wconf 89' lang='lat' dir='ltr'>qui</span> <span class='ocrx_word' id='word_1_49' title='bbox 1149 470 1376 510; x_wconf 88' lang='lat' dir='ltr'>interventu</span> <span class='ocrx_word' id='word_1_50' title='bbox 1405 484 1477 511; x_wconf 90' lang='lat' dir='ltr'>suo</span> 
     </span>
     <span class='ocr_line' id='line_1_7' title="bbox 39 525 1478 577; baseline 0.001 -11"><span class='ocrx_word' id='word_1_51' title='bbox 39 530 80 566; x_wconf 83' lang='lat' dir='ltr'>et</span> <span class='ocrx_word' id='word_1_52' title='bbox 107 537 246 565; x_wconf 91' lang='lat' dir='ltr'>canem</span> <span class='ocrx_word' id='word_1_53' title='bbox 275 525 440 577; x_wconf 86' lang='lat' dir='ltr'>placavit</span> <span class='ocrx_word' id='word_1_54' title='bbox 470 530 509 564; x_wconf 94' lang='lat' dir='ltr'>et</span> <span class='ocrx_word' id='word_1_55' title='bbox 538 537 612 565; x_wconf 91' lang='lat' dir='ltr'>nos</span> <span class='ocrx_word' id='word_1_56' title='bbox 642 531 856 564; x_wconf 87' lang='lat' dir='ltr'>trementes</span> <span class='ocrx_word' id='word_1_57' title='bbox 886 525 1051 564; x_wconf 79' lang='lat' dir='ltr'>extraxit</span> <span class='ocrx_word' id='word_1_58' title='bbox 1081 526 1121 564; x_wconf 92' lang='lat' dir='ltr'>in</span> <span class='ocrx_word' id='word_1_59' title='bbox 1153 526 1314 566; x_wconf 89' lang='lat' dir='ltr'>siccum.</span> <span class='ocrx_word' id='word_1_60' title='bbox 1352 532 1391 567; x_wconf 93' lang='lat' dir='ltr'>et</span> <span class='ocrx_word' id='word_1_61' title='bbox 1411 526 1478 567; x_wconf 90' lang='lat' dir='ltr'>Gi·</span> 
     </span>
     <span class='ocr_line' id='line_1_8' title="bbox 37 581 1477 634; baseline 0.001 -12"><span class='ocrx_word' id='word_1_62' title='bbox 37 587 109 623; x_wconf 82' lang='lat' dir='ltr'>ton</span> <span class='ocrx_word' id='word_1_63' title='bbox 141 582 299 634; x_wconf 88' lang='lat' dir='ltr'>quidem</span> <span class='ocrx_word' id='word_1_64' title='bbox 330 582 404 621; x_wconf 87' lang='lat' dir='ltr'>iam</span> <span class='ocrx_word' id='word_1_65' title='bbox 427 581 573 621; x_wconf 91' lang='lat' dir='ltr'>dudum</span> <span class='ocrx_word' id='word_1_66' title='bbox 595 594 637 621; x_wconf 91' lang='lat' dir='ltr'>se</span> <span class='ocrx_word' id='word_1_67' title='bbox 657 581 811 621; x_wconf 89' lang='lat' dir='ltr'>ratione</span> <span class='ocrx_word' id='word_1_68' title='bbox 832 582 1054 621; x_wconf 88' lang='lat' dir='ltr'>acutissima</span> <span class='ocrx_word' id='word_1_69' title='bbox 1075 582 1296 622; x_wconf 87' lang='lat' dir='ltr'>redemerat</span> <span class='ocrx_word' id='word_1_70' title='bbox 1315 595 1336 622; x_wconf 91' lang='lat' dir='ltr'>a</span> <span class='ocrx_word' id='word_1_71' title='bbox 1356 595 1477 631; x_wconf 88' lang='lat' dir='ltr'>cane;</span> 
     </span>
     <span class='ocr_line' id='line_1_9' title="bbox 38 637 1477 696; baseline 0.001 -19"><span class='ocrx_word' id='word_1_72' title='bbox 38 638 227 690; x_wconf 83' lang='lat' dir='ltr'>quicquid</span> <span class='ocrx_word' id='word_1_73' title='bbox 248 638 352 679; x_wconf 89' lang='lat' dir='ltr'>enim</span> <span class='ocrx_word' id='word_1_74' title='bbox 374 650 395 677; x_wconf 85' lang='lat' dir='ltr'>a</span> <span class='ocrx_word' id='word_1_75' title='bbox 415 637 531 678; x_wconf 88' lang='lat' dir='ltr'>nobis</span> <span class='ocrx_word' id='word_1_76' title='bbox 552 644 759 690; x_wconf 89' lang='lat' dir='ltr'>acceperat</span> <span class='ocrx_word' id='word_1_77' title='bbox 778 638 826 677; x_wconf 92' lang='lat' dir='ltr'>de</span> <span class='ocrx_word' id='word_1_78' title='bbox 847 650 944 678; x_wconf 89' lang='lat' dir='ltr'>cena</span> <span class='ocrx_word' id='word_1_79' title='bbox 959 668 968 686; x_wconf 92' lang='lat'>‚</span> <span class='ocrx_word' id='word_1_80' title='bbox 991 638 1147 678; x_wconf 87' lang='lat' dir='ltr'>latranti</span> <span class='ocrx_word' id='word_1_81' title='bbox 1168 645 1385 691; x_wconf 88' lang='lat' dir='ltr'>sparserat;</span> <span class='ocrx_word' id='word_1_82' title='bbox 1408 637 1477 696; x_wconf 90' lang='lat' dir='ltr'>[at]</span> 
     </span>
     <span class='ocr_line' id='line_1_10' title="bbox 39 694 1477 748; baseline 0.001 -13"><span class='ocrx_word' id='word_1_83' title='bbox 39 694 102 735; x_wconf 90' lang='lat' dir='ltr'>ille</span> <span class='ocrx_word' id='word_1_84' title='bbox 133 701 315 735; x_wconf 87' lang='lat' dir='ltr'>avocatus</span> <span class='ocrx_word' id='word_1_85' title='bbox 344 694 433 734; x_wconf 90' lang='lat' dir='ltr'>cibo</span> <span class='ocrx_word' id='word_1_86' title='bbox 465 695 637 734; x_wconf 82' lang='lat' dir='ltr'>furorem</span> <span class='ocrx_word' id='word_1_87' title='bbox 667 701 952 747; x_wconf 86' lang='lat' dir='ltr'>suppresserat.</span> <span class='ocrx_word' id='word_1_88' title='bbox 992 700 1169 735; x_wconf 87' lang='lat' dir='ltr'>ceterum</span> <span class='ocrx_word' id='word_1_89' title='bbox 1190 707 1279 736; x_wconf 91' lang='lat' dir='ltr'>cum</span> <span class='ocrx_word' id='word_1_90' title='bbox 1301 696 1477 748; x_wconf 87' lang='lat' dir='ltr'>algentes</span> 
     </span>
     <span class='ocr_line' id='line_1_11' title="bbox 38 751 1476 803; baseline 0.001 -13"><span class='ocrx_word' id='word_1_91' title='bbox 38 751 174 803; x_wconf 91' lang='lat' dir='ltr'>utique</span> <span class='ocrx_word' id='word_1_92' title='bbox 205 751 438 803; x_wconf 87' lang='lat' dir='ltr'>petissemus</span> <span class='ocrx_word' id='word_1_93' title='bbox 468 751 516 790; x_wconf 88' lang='lat' dir='ltr'>ab</span> <span class='ocrx_word' id='word_1_94' title='bbox 546 751 740 798; x_wconf 88' lang='lat' dir='ltr'>atriense,</span> <span class='ocrx_word' id='word_1_95' title='bbox 771 758 816 791; x_wconf 91' lang='lat' dir='ltr'>ut</span> <span class='ocrx_word' id='word_1_96' title='bbox 847 764 921 791; x_wconf 92' lang='lat' dir='ltr'>nos</span> <span class='ocrx_word' id='word_1_97' title='bbox 950 757 1059 791; x_wconf 89' lang='lat' dir='ltr'>extra</span> <span class='ocrx_word' id='word_1_98' title='bbox 1089 752 1245 792; x_wconf 91' lang='lat' dir='ltr'>ianuam</span> <span class='ocrx_word' id='word_1_99' title='bbox 1268 753 1476 801; x_wconf 87' lang='lat' dir='ltr'>emitteret,</span> 
     </span>
     <span class='ocr_line' id='line_1_12' title="bbox 39 807 1476 860; baseline 0.001 -13"><span class='ocrx_word' id='word_1_100' title='bbox 39 807 174 847; x_wconf 84' lang='lat' dir='ltr'>‘erras’</span> <span class='ocrx_word' id='word_1_101' title='bbox 204 808 333 859; x_wconf 89' lang='lat' dir='ltr'>inquit</span> <span class='ocrx_word' id='word_1_102' title='bbox 363 808 408 848; x_wconf 86' lang='lat' dir='ltr'>‘si</span> <span class='ocrx_word' id='word_1_103' title='bbox 438 814 551 860; x_wconf 89' lang='lat' dir='ltr'>putas</span> <span class='ocrx_word' id='word_1_104' title='bbox 581 813 620 847; x_wconf 91' lang='lat' dir='ltr'>te</span> <span class='ocrx_word' id='word_1_105' title='bbox 649 809 755 848; x_wconf 89' lang='lat' dir='ltr'>exire</span> <span class='ocrx_word' id='word_1_106' title='bbox 785 809 858 848; x_wconf 92' lang='lat' dir='ltr'>hac</span> <span class='ocrx_word' id='word_1_107' title='bbox 888 821 1026 860; x_wconf 87' lang='lat' dir='ltr'>posse,</span> <span class='ocrx_word' id='word_1_108' title='bbox 1058 821 1135 860; x_wconf 91' lang='lat' dir='ltr'>qua</span> <span class='ocrx_word' id='word_1_109' title='bbox 1164 809 1318 849; x_wconf 89' lang='lat' dir='ltr'>venisti.</span> <span class='ocrx_word' id='word_1_110' title='bbox 1358 822 1476 850; x_wconf 90' lang='lat' dir='ltr'>nemo</span> 
     </span>
     <span class='ocr_line' id='line_1_13' title="bbox 39 864 1476 916; baseline 0.001 -12"><span class='ocrx_word' id='word_1_111' title='bbox 39 876 214 916; x_wconf 90' lang='lat' dir='ltr'>unquam</span> <span class='ocrx_word' id='word_1_112' title='bbox 245 864 494 904; x_wconf 90' lang='lat' dir='ltr'>convivarum</span> <span class='ocrx_word' id='word_1_113' title='bbox 525 877 598 916; x_wconf 90' lang='lat' dir='ltr'>per</span> <span class='ocrx_word' id='word_1_114' title='bbox 626 865 788 904; x_wconf 85' lang='lat' dir='ltr'>eandem</span> <span class='ocrx_word' id='word_1_115' title='bbox 820 866 977 904; x_wconf 86' lang='lat' dir='ltr'>ianuam</span> <span class='ocrx_word' id='word_1_116' title='bbox 1007 865 1173 906; x_wconf 86' lang='lat' dir='ltr'>emissus</span> <span class='ocrx_word' id='word_1_117' title='bbox 1202 871 1279 916; x_wconf 85' lang='lat' dir='ltr'>est3</span> <span class='ocrx_word' id='word_1_118' title='bbox 1310 866 1383 906; x_wconf 89' lang='lat' dir='ltr'>alia</span> <span class='ocrx_word' id='word_1_119' title='bbox 1413 866 1476 906; x_wconf 89' lang='lat' dir='ltr'>in-</span> 
     </span>
     <span class='ocr_line' id='line_1_14' title="bbox 37 920 1543 971; baseline 0.003 -12"><span class='ocrx_word' id='word_1_120' title='bbox 37 926 164 968; x_wconf 83' lang='lat' dir='ltr'>trant,</span> <span class='ocrx_word' id='word_1_121' title='bbox 194 921 265 960; x_wconf 87' lang='lat' dir='ltr'>alia</span> <span class='ocrx_word' id='word_1_122' title='bbox 296 920 466 959; x_wconf 86' lang='lat' dir='ltr'>exeunt&#39;.</span> <span class='ocrx_word' id='word_1_123' title='bbox 527 921 619 971; x_wconf 93' lang='lat' dir='ltr'>quid</span> <span class='ocrx_word' id='word_1_124' title='bbox 651 921 836 961; x_wconf 81' lang='lat' dir='ltr'>faciamus</span> <span class='ocrx_word' id='word_1_125' title='bbox 866 922 1045 961; x_wconf 91' lang='lat' dir='ltr'>homines</span> <span class='ocrx_word' id='word_1_126' title='bbox 1075 922 1284 962; x_wconf 84' lang='lat' dir='ltr'>miserrimi</span> <span class='ocrx_word' id='word_1_127' title='bbox 1315 928 1354 963; x_wconf 91' lang='lat' dir='ltr'>et</span> <span class='ocrx_word' id='word_1_128' title='bbox 1384 923 1475 963; x_wconf 91' lang='lat' dir='ltr'>novi</span> <span class='ocrx_word' id='word_1_129' title='bbox 1491 926 1543 967; x_wconf 87' lang='lat'>73</span> 
     </span>
     <span class='ocr_line' id='line_1_15' title="bbox 38 976 1476 1031; baseline 0.001 -14"><span class='ocrx_word' id='word_1_130' title='bbox 38 977 196 1029; x_wconf 79' lang='lat' dir='ltr'>generis</span> <span class='ocrx_word' id='word_1_131' title='bbox 232 976 455 1028; x_wconf 84' lang='lat' dir='ltr'>labyrintho</span> <span class='ocrx_word' id='word_1_132' title='bbox 493 977 656 1024; x_wconf 91' lang='lat' dir='ltr'>inclusi,</span> <span class='ocrx_word' id='word_1_133' title='bbox 696 977 838 1029; x_wconf 90' lang='lat' dir='ltr'>quibus</span> <span class='ocrx_word' id='word_1_134' title='bbox 878 978 995 1017; x_wconf 91' lang='lat' dir='ltr'>lavari</span> <span class='ocrx_word' id='word_1_135' title='bbox 1025 978 1101 1017; x_wconf 90' lang='lat' dir='ltr'>iam</span> <span class='ocrx_word' id='word_1_136' title='bbox 1131 984 1315 1031; x_wconf 89' lang='lat' dir='ltr'>coeperat</span> <span class='ocrx_word' id='word_1_137' title='bbox 1344 984 1476 1020; x_wconf 90' lang='lat' dir='ltr'>votum</span> 
     </span>
     <span class='ocr_line' id='line_1_16' title="bbox 39 1031 1476 1088; baseline 0.001 -14"><span class='ocrx_word' id='word_1_138' title='bbox 39 1031 152 1074; x_wconf 76' lang='lat' dir='ltr'>esse?</span> <span class='ocrx_word' id='word_1_139' title='bbox 182 1033 286 1073; x_wconf 89' lang='lat' dir='ltr'>ultro</span> <span class='ocrx_word' id='word_1_140' title='bbox 317 1044 411 1083; x_wconf 86' lang='lat' dir='ltr'>ergo</span> <span class='ocrx_word' id='word_1_141' title='bbox 442 1033 680 1085; x_wconf 85' lang='lat' dir='ltr'>rogavimus,</span> <span class='ocrx_word' id='word_1_142' title='bbox 712 1039 756 1073; x_wconf 92' lang='lat' dir='ltr'>ut</span> <span class='ocrx_word' id='word_1_143' title='bbox 786 1046 859 1073; x_wconf 87' lang='lat' dir='ltr'>nos</span> <span class='ocrx_word' id='word_1_144' title='bbox 889 1034 935 1073; x_wconf 89' lang='lat' dir='ltr'>ad</span> <span class='ocrx_word' id='word_1_145' title='bbox 964 1034 1147 1074; x_wconf 90' lang='lat' dir='ltr'>balneum</span> <span class='ocrx_word' id='word_1_146' title='bbox 1170 1034 1351 1084; x_wconf 88' lang='lat' dir='ltr'>duceret,</span> <span class='ocrx_word' id='word_1_147' title='bbox 1382 1049 1476 1088; x_wconf 89' lang='lat' dir='ltr'>pro-</span> 
     </span>
     <span class='ocr_line' id='line_1_17' title="bbox 38 1089 1474 1143; baseline 0.001 -13"><span class='ocrx_word' id='word_1_148' title='bbox 38 1089 227 1141; x_wconf 81' lang='lat' dir='ltr'>iectisque</span> <span class='ocrx_word' id='word_1_149' title='bbox 246 1089 501 1137; x_wconf 86' lang='lat' dir='ltr'>vestimentis,</span> <span class='ocrx_word' id='word_1_150' title='bbox 523 1102 623 1141; x_wconf 89' lang='lat' dir='ltr'>quae</span> <span class='ocrx_word' id='word_1_151' title='bbox 640 1090 756 1130; x_wconf 89' lang='lat' dir='ltr'>Giton</span> <span class='ocrx_word' id='word_1_152' title='bbox 780 1091 819 1130; x_wconf 94' lang='lat' dir='ltr'>in</span> <span class='ocrx_word' id='word_1_153' title='bbox 841 1090 947 1130; x_wconf 91' lang='lat' dir='ltr'>aditu</span> <span class='ocrx_word' id='word_1_154' title='bbox 962 1091 1109 1131; x_wconf 90' lang='lat' dir='ltr'>siccare</span> <span class='ocrx_word' id='word_1_155' title='bbox 1126 1092 1269 1143; x_wconf 92' lang='lat' dir='ltr'>coepit,</span> <span class='ocrx_word' id='word_1_156' title='bbox 1290 1091 1474 1133; x_wconf 88' lang='lat' dir='ltr'>balneum</span> 
     </span>
     <span class='ocr_line' id='line_1_18' title="bbox 38 1145 1475 1199; baseline 0 -11"><span class='ocrx_word' id='word_1_157' title='bbox 38 1145 290 1194; x_wconf 79' lang='lat' dir='ltr'>intravimus,</span> <span class='ocrx_word' id='word_1_158' title='bbox 319 1151 529 1199; x_wconf 83' lang='lat' dir='ltr'>angustum</span> <span class='ocrx_word' id='word_1_159' title='bbox 561 1146 709 1186; x_wconf 90' lang='lat' dir='ltr'>scilicet</span> <span class='ocrx_word' id='word_1_160' title='bbox 739 1153 778 1186; x_wconf 90' lang='lat' dir='ltr'>et</span> <span class='ocrx_word' id='word_1_161' title='bbox 800 1147 994 1187; x_wconf 86' lang='lat' dir='ltr'>cisternae</span> <span class='ocrx_word' id='word_1_162' title='bbox 1016 1147 1235 1199; x_wconf 83' lang='lat' dir='ltr'>frigidariae</span> <span class='ocrx_word' id='word_1_163' title='bbox 1255 1148 1402 1198; x_wconf 89' lang='lat' dir='ltr'>simile,</span> <span class='ocrx_word' id='word_1_164' title='bbox 1434 1150 1475 1188; x_wconf 90' lang='lat' dir='ltr'>in</span> 
     </span>
     <span class='ocr_line' id='line_1_19' title="bbox 36 1202 1478 1256; baseline 0.002 -14"><span class='ocrx_word' id='word_1_165' title='bbox 36 1213 118 1255; x_wconf 84' lang='lat' dir='ltr'>quo</span> <span class='ocrx_word' id='word_1_166' title='bbox 133 1202 369 1242; x_wconf 84' lang='lat' dir='ltr'>Trimalchio</span> <span class='ocrx_word' id='word_1_167' title='bbox 390 1209 521 1242; x_wconf 87' lang='lat' dir='ltr'>rectus</span> <span class='ocrx_word' id='word_1_168' title='bbox 541 1203 676 1242; x_wconf 88' lang='lat' dir='ltr'>stabat.</span> <span class='ocrx_word' id='word_1_169' title='bbox 707 1215 752 1243; x_wconf 91' lang='lat' dir='ltr'>ac</span> <span class='ocrx_word' id='word_1_170' title='bbox 770 1216 820 1243; x_wconf 91' lang='lat' dir='ltr'>ne</span> <span class='ocrx_word' id='word_1_171' title='bbox 841 1203 897 1244; x_wconf 92' lang='lat' dir='ltr'>sic</span> <span class='ocrx_word' id='word_1_172' title='bbox 919 1204 1076 1255; x_wconf 90' lang='lat' dir='ltr'>quidem</span> <span class='ocrx_word' id='word_1_173' title='bbox 1092 1204 1376 1256; x_wconf 90' lang='lat' dir='ltr'>putidissimam</span> <span class='ocrx_word' id='word_1_174' title='bbox 1393 1206 1478 1246; x_wconf 90' lang='lat' dir='ltr'>eius</span> 
     </span>
     <span class='ocr_line' id='line_1_20' title="bbox 37 1258 1474 1314; baseline 0.001 -15"><span class='ocrx_word' id='word_1_175' title='bbox 37 1258 286 1299; x_wconf 74' lang='lat' dir='ltr'>iactationem</span> <span class='ocrx_word' id='word_1_176' title='bbox 306 1259 417 1299; x_wconf 89' lang='lat' dir='ltr'>licuit</span> <span class='ocrx_word' id='word_1_177' title='bbox 437 1259 633 1311; x_wconf 82' lang='lat' dir='ltr'>effugere;</span> <span class='ocrx_word' id='word_1_178' title='bbox 665 1272 754 1299; x_wconf 91' lang='lat' dir='ltr'>nam</span> <span class='ocrx_word' id='word_1_179' title='bbox 776 1260 873 1300; x_wconf 89' lang='lat' dir='ltr'>nihil</span> <span class='ocrx_word' id='word_1_180' title='bbox 892 1260 1032 1300; x_wconf 91' lang='lat' dir='ltr'>melius</span> <span class='ocrx_word' id='word_1_181' title='bbox 1053 1273 1139 1301; x_wconf 88' lang='lat' dir='ltr'>esse</span> <span class='ocrx_word' id='word_1_182' title='bbox 1160 1260 1334 1310; x_wconf 80' lang='lat' dir='ltr'>dicebat,</span> <span class='ocrx_word' id='word_1_183' title='bbox 1357 1274 1474 1314; x_wconf 91' lang='lat' dir='ltr'>quam</span> 
     </span>
     <span class='ocr_line' id='line_1_21' title="bbox 36 1314 1474 1369; baseline 0.002 -13"><span class='ocrx_word' id='word_1_184' title='bbox 36 1314 123 1356; x_wconf 78' lang='lat' dir='ltr'>sine</span> <span class='ocrx_word' id='word_1_185' title='bbox 154 1315 271 1356; x_wconf 90' lang='lat' dir='ltr'>turba</span> <span class='ocrx_word' id='word_1_186' title='bbox 300 1316 439 1365; x_wconf 80' lang='lat' dir='ltr'>lavari,</span> <span class='ocrx_word' id='word_1_187' title='bbox 478 1322 517 1356; x_wconf 90' lang='lat' dir='ltr'>et</span> <span class='ocrx_word' id='word_1_188' title='bbox 546 1329 592 1356; x_wconf 91' lang='lat' dir='ltr'>eo</span> <span class='ocrx_word' id='word_1_189' title='bbox 624 1317 710 1368; x_wconf 91' lang='lat' dir='ltr'>ipso</span> <span class='ocrx_word' id='word_1_190' title='bbox 739 1317 827 1356; x_wconf 90' lang='lat' dir='ltr'>loco</span> <span class='ocrx_word' id='word_1_191' title='bbox 858 1317 1067 1369; x_wconf 90' lang='lat' dir='ltr'>aliquando</span> <span class='ocrx_word' id='word_1_192' title='bbox 1098 1317 1311 1369; x_wconf 89' lang='lat' dir='ltr'>pistrinum</span> <span class='ocrx_word' id='word_1_193' title='bbox 1341 1319 1474 1359; x_wconf 82' lang='lat' dir='ltr'>fuisse.</span> 
     </span>
     <span class='ocr_line' id='line_1_22' title="bbox 36 1371 1475 1427; baseline 0.003 -15"><span class='ocrx_word' id='word_1_194' title='bbox 36 1371 179 1413; x_wconf 80' lang='lat' dir='ltr'>deinde</span> <span class='ocrx_word' id='word_1_195' title='bbox 199 1378 243 1412; x_wconf 92' lang='lat' dir='ltr'>ut</span> <span class='ocrx_word' id='word_1_196' title='bbox 263 1373 427 1413; x_wconf 89' lang='lat' dir='ltr'>lassatus</span> <span class='ocrx_word' id='word_1_197' title='bbox 447 1373 647 1421; x_wconf 85' lang='lat' dir='ltr'>consedit,</span> <span class='ocrx_word' id='word_1_198' title='bbox 678 1373 862 1414; x_wconf 89' lang='lat' dir='ltr'>invitatus</span> <span class='ocrx_word' id='word_1_199' title='bbox 883 1373 1015 1414; x_wconf 87' lang='lat' dir='ltr'>balnei</span> <span class='ocrx_word' id='word_1_200' title='bbox 1045 1386 1144 1414; x_wconf 89' lang='lat' dir='ltr'>sono</span> <span class='ocrx_word' id='word_1_201' title='bbox 1176 1374 1326 1414; x_wconf 88' lang='lat' dir='ltr'>diduxit</span> <span class='ocrx_word' id='word_1_202' title='bbox 1350 1387 1475 1427; x_wconf 89' lang='lat' dir='ltr'>usque</span> 
     </span>
     <span class='ocr_line' id='line_1_23' title="bbox 36 1429 1475 1481; baseline 0.003 -13"><span class='ocrx_word' id='word_1_203' title='bbox 36 1429 83 1468; x_wconf 86' lang='lat' dir='ltr'>ad</span> <span class='ocrx_word' id='word_1_204' title='bbox 104 1441 299 1469; x_wconf 89' lang='lat' dir='ltr'>cameram</span> <span class='ocrx_word' id='word_1_205' title='bbox 319 1442 363 1469; x_wconf 92' lang='lat' dir='ltr'>os</span> <span class='ocrx_word' id='word_1_206' title='bbox 384 1429 536 1469; x_wconf 88' lang='lat' dir='ltr'>ebrium</span> <span class='ocrx_word' id='word_1_207' title='bbox 559 1435 598 1469; x_wconf 90' lang='lat' dir='ltr'>et</span> <span class='ocrx_word' id='word_1_208' title='bbox 617 1430 747 1481; x_wconf 89' lang='lat' dir='ltr'>coepit</span> <span class='ocrx_word' id='word_1_209' title='bbox 765 1430 1001 1470; x_wconf 89' lang='lat' dir='ltr'>Menecratis</span> <span class='ocrx_word' id='word_1_210' title='bbox 1021 1431 1171 1470; x_wconf 88' lang='lat' dir='ltr'>cantica</span> <span class='ocrx_word' id='word_1_211' title='bbox 1191 1431 1377 1481; x_wconf 88' lang='lat' dir='ltr'>lacerare,</span> <span class='ocrx_word' id='word_1_212' title='bbox 1399 1433 1475 1473; x_wconf 88' lang='lat' dir='ltr'>sic-</span> 
     </span>
     <span class='ocr_line' id='line_1_24' title="bbox 36 1485 1475 1538; baseline 0.002 -13"><span class='ocrx_word' id='word_1_213' title='bbox 36 1491 82 1525; x_wconf 85' lang='lat' dir='ltr'>ut</span> <span class='ocrx_word' id='word_1_214' title='bbox 110 1485 164 1526; x_wconf 91' lang='lat' dir='ltr'>illi</span> <span class='ocrx_word' id='word_1_215' title='bbox 194 1485 394 1534; x_wconf 84' lang='lat' dir='ltr'>dicebant,</span> <span class='ocrx_word' id='word_1_216' title='bbox 425 1486 492 1537; x_wconf 90' lang='lat' dir='ltr'>qui</span> <span class='ocrx_word' id='word_1_217' title='bbox 514 1486 688 1538; x_wconf 87' lang='lat' dir='ltr'>linguam</span> <span class='ocrx_word' id='word_1_218' title='bbox 709 1487 793 1526; x_wconf 91' lang='lat' dir='ltr'>eius</span> <span class='ocrx_word' id='word_1_219' title='bbox 814 1486 1106 1538; x_wconf 87' lang='lat' dir='ltr'>intellegebant.</span> <span class='ocrx_word' id='word_1_220' title='bbox 1147 1488 1268 1527; x_wconf 87' lang='lat' dir='ltr'>ceteri</span> <span class='ocrx_word' id='word_1_221' title='bbox 1290 1488 1475 1528; x_wconf 91' lang='lat' dir='ltr'>convivae</span> 
     </span>
     <span class='ocr_line' id='line_1_25' title="bbox 37 1541 1474 1595; baseline 0.003 -14"><span class='ocrx_word' id='word_1_222' title='bbox 37 1541 142 1582; x_wconf 88' lang='lat' dir='ltr'>circa</span> <span class='ocrx_word' id='word_1_223' title='bbox 171 1542 324 1582; x_wconf 89' lang='lat' dir='ltr'>labrum</span> <span class='ocrx_word' id='word_1_224' title='bbox 355 1542 538 1582; x_wconf 86' lang='lat' dir='ltr'>manibus</span> <span class='ocrx_word' id='word_1_225' title='bbox 559 1543 670 1582; x_wconf 89' lang='lat' dir='ltr'>nexis</span> <span class='ocrx_word' id='word_1_226' title='bbox 690 1543 903 1582; x_wconf 87' lang='lat' dir='ltr'>currebant</span> <span class='ocrx_word' id='word_1_227' title='bbox 924 1549 964 1583; x_wconf 87' lang='lat' dir='ltr'>et</span> <span class='ocrx_word' id='word_1_228' title='bbox 983 1543 1201 1595; x_wconf 86' lang='lat' dir='ltr'>gingilipho</span> <span class='ocrx_word' id='word_1_229' title='bbox 1222 1544 1374 1595; x_wconf 85' lang='lat' dir='ltr'>ingenti</span> <span class='ocrx_word' id='word_1_230' title='bbox 1395 1545 1474 1585; x_wconf 83' lang='lat' dir='ltr'>cla—</span> 
     </span>
     <span class='ocr_line' id='line_1_26' title="bbox 36 1595 1474 1654; baseline 0.001 -15"><span class='ocrx_word' id='word_1_231' title='bbox 36 1610 147 1639; x_wconf 89' lang='lat' dir='ltr'>more</span> <span class='ocrx_word' id='word_1_232' title='bbox 167 1598 372 1638; x_wconf 86' lang='lat' dir='ltr'>sonabant.</span> <span class='ocrx_word' id='word_1_233' title='bbox 410 1598 474 1638; x_wconf 85' lang='lat' dir='ltr'>alii</span> <span class='ocrx_word' id='word_1_234' title='bbox 494 1604 622 1638; x_wconf 91' lang='lat' dir='ltr'>autem</span> <span class='ocrx_word' id='word_1_235' title='bbox 645 1595 740 1654; x_wconf 92' lang='lat' dir='ltr'>[aut]</span> <span class='ocrx_word' id='word_1_236' title='bbox 764 1600 953 1640; x_wconf 87' lang='lat' dir='ltr'>restrictis</span> <span class='ocrx_word' id='word_1_237' title='bbox 973 1600 1156 1640; x_wconf 89' lang='lat' dir='ltr'>manibus</span> <span class='ocrx_word' id='word_1_238' title='bbox 1176 1600 1316 1641; x_wconf 90' lang='lat' dir='ltr'>anulos</span> <span class='ocrx_word' id='word_1_239' title='bbox 1336 1601 1384 1641; x_wconf 92' lang='lat' dir='ltr'>de</span> <span class='ocrx_word' id='word_1_240' title='bbox 1405 1614 1474 1654; x_wconf 87' lang='lat' dir='ltr'>pa-</span> 
     </span>
     <span class='ocr_line' id='line_1_27' title="bbox 36 1654 1473 1711; baseline 0.003 -17"><span class='ocrx_word' id='word_1_241' title='bbox 36 1655 209 1695; x_wconf 89' lang='lat' dir='ltr'>vimento</span> <span class='ocrx_word' id='word_1_242' title='bbox 240 1654 488 1695; x_wconf 89' lang='lat' dir='ltr'>conabantur</span> <span class='ocrx_word' id='word_1_243' title='bbox 517 1655 655 1695; x_wconf 88' lang='lat' dir='ltr'>tollere</span> <span class='ocrx_word' id='word_1_244' title='bbox 685 1662 751 1695; x_wconf 88' lang='lat' dir='ltr'>aut</span> <span class='ocrx_word' id='word_1_245' title='bbox 781 1656 908 1707; x_wconf 88' lang='lat' dir='ltr'>posito</span> <span class='ocrx_word' id='word_1_246' title='bbox 938 1669 1043 1708; x_wconf 90' lang='lat' dir='ltr'>genu</span> <span class='ocrx_word' id='word_1_247' title='bbox 1064 1656 1236 1697; x_wconf 86' lang='lat' dir='ltr'>cervices</span> <span class='ocrx_word' id='word_1_248' title='bbox 1256 1664 1345 1710; x_wconf 78' lang='lat' dir='ltr'>post</span> <span class='ocrx_word' id='word_1_249' title='bbox 1365 1663 1473 1711; x_wconf 89' lang='lat' dir='ltr'>terga</span> 
     </span>
     <span class='ocr_line' id='line_1_28' title="bbox 36 1711 1473 1765; baseline 0.003 -14"><span class='ocrx_word' id='word_1_250' title='bbox 36 1711 195 1752; x_wconf 84' lang='lat' dir='ltr'>flectere</span> <span class='ocrx_word' id='word_1_251' title='bbox 224 1717 264 1751; x_wconf 90' lang='lat' dir='ltr'>et</span> <span class='ocrx_word' id='word_1_252' title='bbox 292 1712 436 1763; x_wconf 91' lang='lat' dir='ltr'>pedum</span> <span class='ocrx_word' id='word_1_253' title='bbox 465 1718 659 1752; x_wconf 87' lang='lat' dir='ltr'>extremos</span> <span class='ocrx_word' id='word_1_254' title='bbox 679 1712 841 1764; x_wconf 88' lang='lat' dir='ltr'>pollices</span> <span class='ocrx_word' id='word_1_255' title='bbox 860 1719 1033 1765; x_wconf 89' lang='lat' dir='ltr'>tangere.</span> <span class='ocrx_word' id='word_1_256' title='bbox 1075 1726 1169 1761; x_wconf 87' lang='lat' dir='ltr'>nos,</span> <span class='ocrx_word' id='word_1_257' title='bbox 1202 1713 1295 1753; x_wconf 90' lang='lat' dir='ltr'>dum</span> <span class='ocrx_word' id='word_1_258' title='bbox 1316 1715 1380 1755; x_wconf 91' lang='lat' dir='ltr'>alii</span> <span class='ocrx_word' id='word_1_259' title='bbox 1399 1715 1473 1755; x_wconf 90' lang='lat' dir='ltr'>sibi</span> 
     </span>
     <span class='ocr_line' id='line_1_29' title="bbox 35 1767 1473 1822; baseline 0.002 -14"><span class='ocrx_word' id='word_1_260' title='bbox 35 1767 149 1808; x_wconf 89' lang='lat' dir='ltr'>ludos</span> <span class='ocrx_word' id='word_1_261' title='bbox 169 1768 330 1815; x_wconf 81' lang='lat' dir='ltr'>faciunt,</span> <span class='ocrx_word' id='word_1_262' title='bbox 351 1769 389 1807; x_wconf 92' lang='lat' dir='ltr'>in</span> <span class='ocrx_word' id='word_1_263' title='bbox 412 1768 566 1817; x_wconf 82' lang='lat' dir='ltr'>solium,</span> <span class='ocrx_word' id='word_1_264' title='bbox 587 1769 691 1820; x_wconf 88' lang='lat' dir='ltr'>quod</span> <span class='ocrx_word' id='word_1_265' title='bbox 714 1769 995 1809; x_wconf 91' lang='lat' dir='ltr'>Trimalchioni</span> <span class='ocrx_word' id='word_1_266' title='bbox 1015 1769 1287 1822; x_wconf 86' lang='lat' dir='ltr'>vaporabatur,</span> <span class='ocrx_word' id='word_1_267' title='bbox 1309 1771 1473 1811; x_wconf 87' lang='lat' dir='ltr'>descen-</span> 
     </span>
     <span class='ocr_line' id='line_1_30' title="bbox 35 1824 176 1865; baseline -0.014 1"><span class='ocrx_word' id='word_1_268' title='bbox 35 1824 176 1865; x_wconf 86' lang='lat' dir='ltr'>dimus.</span> 
     </span>
     <span class='ocr_line' id='line_1_31' title="bbox 146 1879 1472 1933; baseline 0.003 -13"><span class='ocrx_word' id='word_1_269' title='bbox 146 1893 241 1933; x_wconf 90' lang='lat' dir='ltr'>ergo</span> <span class='ocrx_word' id='word_1_270' title='bbox 271 1880 460 1920; x_wconf 86' lang='lat' dir='ltr'>ebrietate</span> <span class='ocrx_word' id='word_1_271' title='bbox 490 1879 663 1922; x_wconf 89' lang='lat' dir='ltr'>discussa</span> <span class='ocrx_word' id='word_1_272' title='bbox 694 1881 733 1920; x_wconf 92' lang='lat' dir='ltr'>in</span> <span class='ocrx_word' id='word_1_273' title='bbox 765 1881 868 1920; x_wconf 88' lang='lat' dir='ltr'>aliud</span> <span class='ocrx_word' id='word_1_274' title='bbox 901 1882 1115 1922; x_wconf 80' lang='lat' dir='ltr'>triclinium</span> <span class='ocrx_word' id='word_1_275' title='bbox 1146 1883 1303 1923; x_wconf 88' lang='lat' dir='ltr'>deducti</span> <span class='ocrx_word' id='word_1_276' title='bbox 1324 1896 1472 1932; x_wconf 89' lang='lat' dir='ltr'>sumus,</span> 
     </span>
     <span class='ocr_line' id='line_1_32' title="bbox 37 1935 1475 1994; baseline 0.002 -17"><span class='ocrx_word' id='word_1_277' title='bbox 37 1936 104 1978; x_wconf 83' lang='lat' dir='ltr'>uhi</span> <span class='ocrx_word' id='word_1_278' title='bbox 123 1937 336 1978; x_wconf 84' lang='lat' dir='ltr'>Fortunata</span> <span class='ocrx_word' id='word_1_279' title='bbox 366 1937 611 1989; x_wconf 85' lang='lat' dir='ltr'>disposuerat</span> <span class='ocrx_word' id='word_1_280' title='bbox 640 1937 808 1978; x_wconf 89' lang='lat' dir='ltr'>lautitias</span> <span class='ocrx_word' id='word_1_281' title='bbox 837 1935 958 1994; x_wconf 85' lang='lat' dir='ltr'>[suas]</span> <span class='ocrx_word' id='word_1_282' title='bbox 988 1939 1039 1978; x_wconf 90' lang='lat' dir='ltr'>ita</span> <span class='ocrx_word' id='word_1_283' title='bbox 1070 1945 1114 1978; x_wconf 91' lang='lat' dir='ltr'>ut</span> <span class='ocrx_word' id='word_1_284' title='bbox 1142 1952 1263 1992; x_wconf 88' lang='lat' dir='ltr'>supra</span> <span class='ocrx_word' id='word_1_285' title='bbox 1293 1940 1475 1980; x_wconf 87' lang='lat' dir='ltr'>lucernas</span> 
     </span>
     <span class='ocr_line' id='line_1_33' title="bbox 300 1994 1474 2046; baseline 0.003 -13"><span class='ocrx_word' id='word_1_286' title='bbox 300 1994 564 2046; x_wconf 90' lang='lat' dir='ltr'>aeneolosque</span> <span class='ocrx_word' id='word_1_287' title='bbox 584 1994 799 2046; x_wconf 87' lang='lat' dir='ltr'>piscatores</span> <span class='ocrx_word' id='word_1_288' title='bbox 821 1996 1037 2035; x_wconf 89' lang='lat' dir='ltr'>notaverim</span> <span class='ocrx_word' id='word_1_289' title='bbox 1058 2002 1097 2035; x_wconf 88' lang='lat' dir='ltr'>et</span> <span class='ocrx_word' id='word_1_290' title='bbox 1118 2007 1272 2036; x_wconf 89' lang='lat' dir='ltr'>mensas</span> <span class='ocrx_word' id='word_1_291' title='bbox 1291 2002 1393 2036; x_wconf 90' lang='lat' dir='ltr'>totas</span> <span class='ocrx_word' id='word_1_292' title='bbox 1413 2009 1474 2037; x_wconf 90' lang='lat' dir='ltr'>ar-</span> 
     </span>
     <span class='ocr_line' id='line_1_34' title="bbox 35 2050 1474 2105; baseline 0.002 -15"><span class='ocrx_word' id='word_1_293' title='bbox 35 2054 196 2104; x_wconf 78' lang='lat' dir='ltr'>genteas</span> <span class='ocrx_word' id='word_1_294' title='bbox 225 2050 443 2102; x_wconf 88' lang='lat' dir='ltr'>calicesque</span> <span class='ocrx_word' id='word_1_295' title='bbox 473 2050 576 2090; x_wconf 91' lang='lat' dir='ltr'>circa</span> <span class='ocrx_word' id='word_1_296' title='bbox 596 2051 733 2091; x_wconf 85' lang='lat' dir='ltr'>fictiles</span> <span class='ocrx_word' id='word_1_297' title='bbox 763 2052 963 2092; x_wconf 88' lang='lat' dir='ltr'>inauratos</span> <span class='ocrx_word' id='word_1_298' title='bbox 983 2058 1021 2092; x_wconf 89' lang='lat' dir='ltr'>et</span> <span class='ocrx_word' id='word_1_299' title='bbox 1041 2052 1174 2092; x_wconf 89' lang='lat' dir='ltr'>vinum</span> <span class='ocrx_word' id='word_1_300' title='bbox 1195 2053 1234 2092; x_wconf 91' lang='lat' dir='ltr'>in</span> <span class='ocrx_word' id='word_1_301' title='bbox 1257 2060 1474 2105; x_wconf 88' lang='lat' dir='ltr'>conspectu</span> 
     </span>
     <span class='ocr_line' id='line_1_35' title="bbox 36 2107 1475 2160; baseline 0.001 -12"><span class='ocrx_word' id='word_1_302' title='bbox 36 2118 150 2149; x_wconf 74' lang='lat' dir='ltr'>neco</span> <span class='ocrx_word' id='word_1_303' title='bbox 187 2107 377 2147; x_wconf 86' lang='lat' dir='ltr'>defluens.</span> <span class='ocrx_word' id='word_1_304' title='bbox 434 2112 516 2147; x_wconf 85' lang='lat' dir='ltr'>tum</span> <span class='ocrx_word' id='word_1_305' title='bbox 554 2107 789 2147; x_wconf 90' lang='lat' dir='ltr'>Trimalchio</span> <span class='ocrx_word' id='word_1_306' title='bbox 822 2107 976 2148; x_wconf 85' lang='lat' dir='ltr'>‘amici’</span> <span class='ocrx_word' id='word_1_307' title='bbox 1007 2108 1137 2160; x_wconf 90' lang='lat' dir='ltr'>inquit</span> <span class='ocrx_word' id='word_1_308' title='bbox 1166 2109 1303 2149; x_wconf 87' lang='lat' dir='ltr'>‘hodie</span> <span class='ocrx_word' id='word_1_309' title='bbox 1339 2122 1475 2150; x_wconf 88' lang='lat' dir='ltr'>servus</span> 
     </span>
     <span class='ocr_line' id='line_1_36' title="bbox 36 2162 1472 2217; baseline 0.002 -14"><span class='ocrx_word' id='word_1_310' title='bbox 36 2174 148 2204; x_wconf 79' lang='lat' dir='ltr'>meus</span> <span class='ocrx_word' id='word_1_311' title='bbox 167 2162 429 2204; x_wconf 88' lang='lat' dir='ltr'>barbatoriam</span> <span class='ocrx_word' id='word_1_312' title='bbox 452 2164 565 2212; x_wconf 76' lang='lat' dir='ltr'>fecit,</span> <span class='ocrx_word' id='word_1_313' title='bbox 597 2164 714 2204; x_wconf 89' lang='lat' dir='ltr'>homo</span> <span class='ocrx_word' id='word_1_314' title='bbox 736 2165 959 2216; x_wconf 80' lang='lat' dir='ltr'>praefiscini</span> <span class='ocrx_word' id='word_1_315' title='bbox 979 2165 1082 2217; x_wconf 87' lang='lat' dir='ltr'>frugi</span> <span class='ocrx_word' id='word_1_316' title='bbox 1106 2171 1144 2205; x_wconf 89' lang='lat' dir='ltr'>et</span> <span class='ocrx_word' id='word_1_317' title='bbox 1165 2165 1360 2206; x_wconf 85' lang='lat' dir='ltr'>micarius.</span> <span class='ocrx_word' id='word_1_318' title='bbox 1401 2166 1472 2206; x_wconf 88' lang='lat' dir='ltr'>ita-</span> 
     </span>
     <span class='ocr_line' id='line_1_37' title="bbox 31 2220 1540 2273; baseline 0.003 -14"><span class='ocrx_word' id='word_1_319' title='bbox 31 2230 114 2273; x_wconf 77' lang='lat' dir='ltr'>que</span> <span class='ocrx_word' id='word_1_320' title='bbox 143 2226 399 2272; x_wconf 85' lang='lat' dir='ltr'>tengomenas</span> <span class='ocrx_word' id='word_1_321' title='bbox 428 2220 614 2261; x_wconf 82' lang='lat' dir='ltr'>faciamus</span> <span class='ocrx_word' id='word_1_322' title='bbox 644 2227 682 2261; x_wconf 87' lang='lat' dir='ltr'>et</span> <span class='ocrx_word' id='word_1_323' title='bbox 710 2234 836 2273; x_wconf 91' lang='lat' dir='ltr'>usque</span> <span class='ocrx_word' id='word_1_324' title='bbox 867 2222 906 2261; x_wconf 92' lang='lat' dir='ltr'>in</span> <span class='ocrx_word' id='word_1_325' title='bbox 938 2222 1066 2262; x_wconf 87' lang='lat' dir='ltr'>lucem</span> <span class='ocrx_word' id='word_1_326' title='bbox 1096 2222 1316 2262; x_wconf 87' lang='lat' dir='ltr'>cenemus’.</span> <span class='ocrx_word' id='word_1_327' title='bbox 1377 2223 1472 2262; x_wconf 87' lang='lat' dir='ltr'>haec</span> <span class='ocrx_word' id='word_1_328' title='bbox 1487 2224 1540 2264; x_wconf 87' lang='grc'>74</span> 
     </span>
     <span class='ocr_line' id='line_1_38' title="bbox 36 2275 1473 2330; baseline 0.002 -14"><span class='ocrx_word' id='word_1_329' title='bbox 36 2275 190 2317; x_wconf 81' lang='lat' dir='ltr'>dicente</span> <span class='ocrx_word' id='word_1_330' title='bbox 220 2289 267 2316; x_wconf 91' lang='lat' dir='ltr'>eo</span> <span class='ocrx_word' id='word_1_331' title='bbox 297 2277 421 2329; x_wconf 89' lang='lat' dir='ltr'>gallus</span> <span class='ocrx_word' id='word_1_332' title='bbox 450 2277 688 2329; x_wconf 86' lang='lat' dir='ltr'>gallinaceus</span> <span class='ocrx_word' id='word_1_333' title='bbox 718 2278 896 2318; x_wconf 87' lang='lat' dir='ltr'>cantavit.</span> <span class='ocrx_word' id='word_1_334' title='bbox 939 2290 1015 2330; x_wconf 89' lang='lat' dir='ltr'>qua</span> <span class='ocrx_word' id='word_1_335' title='bbox 1046 2291 1139 2318; x_wconf 89' lang='lat' dir='ltr'>voce</span> <span class='ocrx_word' id='word_1_336' title='bbox 1171 2280 1360 2319; x_wconf 78' lang='lat' dir='ltr'>confusus</span> <span class='ocrx_word' id='word_1_337' title='bbox 1386 2279 1473 2319; x_wconf 91' lang='lat' dir='ltr'>Tri-</span> 
     </span>
     <span class='ocr_line' id='line_1_39' title="bbox 37 2332 1473 2387; baseline 0.002 -14"><span class='ocrx_word' id='word_1_338' title='bbox 37 2332 201 2373; x_wconf 88' lang='lat' dir='ltr'>malchio</span> <span class='ocrx_word' id='word_1_339' title='bbox 221 2333 355 2374; x_wconf 87' lang='lat' dir='ltr'>vinum</span> <span class='ocrx_word' id='word_1_340' title='bbox 376 2333 449 2373; x_wconf 88' lang='lat' dir='ltr'>sub</span> <span class='ocrx_word' id='word_1_341' title='bbox 471 2346 605 2374; x_wconf 88' lang='lat' dir='ltr'>mensa</span> <span class='ocrx_word' id='word_1_342' title='bbox 626 2334 738 2374; x_wconf 89' lang='lat' dir='ltr'>iussit</span> <span class='ocrx_word' id='word_1_343' title='bbox 759 2335 906 2374; x_wconf 84' lang='lat' dir='ltr'>ell&#39;undi</span> <span class='ocrx_word' id='word_1_344' title='bbox 927 2335 1208 2387; x_wconf 87' lang='lat' dir='ltr'>lucernamque</span> <span class='ocrx_word' id='word_1_345' title='bbox 1229 2336 1346 2375; x_wconf 88' lang='lat' dir='ltr'>etiam</span> <span class='ocrx_word' id='word_1_346' title='bbox 1362 2348 1473 2376; x_wconf 90' lang='lat' dir='ltr'>mero</span> 
     </span>
    </p>
   </div>
   <div class='ocr_carea' id='block_1_3' title="bbox 50 2411 310 2418">
    <p class='ocr_par' dir='ltr' id='par_1_3' title="bbox 50 2411 310 2418">
     <span class='ocr_line' id='line_1_40' title="bbox 50 2411 310 2418; baseline 0 468"><span class='ocrx_word' id='word_1_347' title='bbox 50 2411 310 2418; x_wconf 95' lang='lat' dir='ltr'> </span> 
     </span>
    </p>
   </div>
   <div class='ocr_carea' id='block_1_4' title="bbox 31 2444 1481 2669">
    <p class='ocr_par' dir='ltr' id='par_1_4' title="bbox 31 2444 1481 2669">
     <span class='ocr_line' id='line_1_41' title="bbox 31 2444 1472 2490; baseline 0.001 -11"><span class='ocrx_word' id='word_1_348' title='bbox 31 2478 33 2481; x_wconf 87' lang='grc'><em>,</em></span> <span class='ocrx_word' id='word_1_349' title='bbox 150 2446 172 2479; x_wconf 84' lang='grc'><strong>3</strong></span> <span class='ocrx_word' id='word_1_350' title='bbox 195 2444 323 2488; x_wconf 85' lang='lat' dir='ltr'>ebrius]</span> <span class='ocrx_word' id='word_1_351' title='bbox 348 2447 514 2486; x_wconf 69' lang='lat' dir='ltr'>oaepectas</span> <span class='ocrx_word' id='word_1_352' title='bbox 531 2445 666 2479; x_wconf 83' lang='lat' dir='ltr'>territus</span> <span class='ocrx_word' id='word_1_353' title='bbox 683 2445 695 2489; x_wconf 91' lang='grc' dir='ltr'>ΙΙ</span> <span class='ocrx_word' id='word_1_354' title='bbox 716 2447 757 2479; x_wconf 86' lang='grc'>10</span> <span class='ocrx_word' id='word_1_355' title='bbox 772 2448 860 2488; x_wconf 80' lang='lat' dir='ltr'>puto</span> <span class='ocrx_word' id='word_1_356' title='bbox 878 2445 1003 2489; x_wconf 88' lang='lat' dir='ltr'>udique</span> <span class='ocrx_word' id='word_1_357' title='bbox 1022 2445 1035 2489; x_wconf 84' lang='grc' dir='ltr'>ΙΙ</span> <span class='ocrx_word' id='word_1_358' title='bbox 1055 2448 1092 2480; x_wconf 78' lang='lat'>17</span> <span class='ocrx_word' id='word_1_359' title='bbox 1119 2446 1153 2479; x_wconf 92' lang='lat' dir='ltr'>in</span> <span class='ocrx_word' id='word_1_360' title='bbox 1178 2456 1256 2490; x_wconf 84' lang='lat' dir='ltr'>qua.</span> <span class='ocrx_word' id='word_1_361' title='bbox 1272 2448 1349 2480; x_wconf 72' lang='lat' dir='ltr'>sine</span> <span class='ocrx_word' id='word_1_362' title='bbox 1364 2447 1472 2480; x_wconf 84' lang='lat' dir='ltr'>dubio</span> 
     </span>
     <span class='ocr_line' id='line_1_42' title="bbox 42 2489 1473 2533; baseline 0.003 -11"><span class='ocrx_word' id='word_1_363' title='bbox 42 2489 127 2523; x_wconf 78' lang='grc' dir='ltr'><strong><em>Ιιασσ</em></strong></span> <span class='ocrx_word' id='word_1_364' title='bbox 137 2490 361 2523; x_wconf 76' lang='lat' dir='ltr'>Petronianis</span> <span class='ocrx_word' id='word_1_365' title='bbox 385 2491 547 2523; x_wconf 81' lang='lat' dir='ltr'>breviora</span> <span class='ocrx_word' id='word_1_366' title='bbox 567 2490 578 2533; x_wconf 92' lang='grc' dir='ltr'>ΙΙ</span> <span class='ocrx_word' id='word_1_367' title='bbox 599 2491 639 2524; x_wconf 89' lang='grc'>18</span> <span class='ocrx_word' id='word_1_368' title='bbox 652 2489 804 2529; x_wconf 72' lang='lat' dir='ltr'>fortusse</span> <span class='ocrx_word' id='word_1_369' title='bbox 828 2490 905 2524; x_wconf 88' lang='lat' dir='ltr'>istic</span> <span class='ocrx_word' id='word_1_370' title='bbox 926 2493 930 2533; x_wconf 84' lang='grc' dir='ltr'>Ι</span> <span class='ocrx_word' id='word_1_371' title='bbox 953 2491 1200 2533; x_wconf 87' lang='lat' dir='ltr'>putidissimam</span> <span class='ocrx_word' id='word_1_372' title='bbox 1226 2492 1256 2525; x_wconf 90' lang='lat' dir='ltr'>ei</span> <span class='ocrx_word' id='word_1_373' title='bbox 1282 2492 1448 2526; x_wconf 85' lang='lat' dir='ltr'>actionem</span> <span class='ocrx_word' id='word_1_374' title='bbox 1463 2493 1473 2533; x_wconf 77' lang='grc' dir='ltr'>Η</span> 
     </span>
     <span class='ocr_line' id='line_1_43' title="bbox 39 2533 1468 2581; baseline 0.003 -14"><span class='ocrx_word' id='word_1_375' title='bbox 39 2533 85 2573; x_wconf 76' lang='lat'>24</span> <span class='ocrx_word' id='word_1_376' title='bbox 106 2534 230 2578; x_wconf 81' lang='lat' dir='ltr'>singuli</span> <span class='ocrx_word' id='word_1_377' title='bbox 256 2535 384 2578; x_wconf 89' lang='lat' dir='ltr'>sophos</span> <span class='ocrx_word' id='word_1_378' title='bbox 409 2535 572 2568; x_wconf 65' lang='lat' dir='ltr'>Heinsius</span> <span class='ocrx_word' id='word_1_379' title='bbox 588 2534 600 2579; x_wconf 88' lang='grc' dir='ltr'>ΙΙ</span> <span class='ocrx_word' id='word_1_380' title='bbox 621 2537 662 2569; x_wconf 85' lang='grc'>25</span> <span class='ocrx_word' id='word_1_381' title='bbox 689 2536 882 2569; x_wconf 88' lang='lat' dir='ltr'>exonabant</span> <span class='ocrx_word' id='word_1_382' title='bbox 910 2536 922 2579; x_wconf 85' lang='grc' dir='ltr'>ΙΙ</span> <span class='ocrx_word' id='word_1_383' title='bbox 953 2537 992 2570; x_wconf 79' lang='lat'>27</span> <span class='ocrx_word' id='word_1_384' title='bbox 1019 2536 1112 2570; x_wconf 84' lang='lat' dir='ltr'>malo</span> <span class='ocrx_word' id='word_1_385' title='bbox 1137 2536 1187 2570; x_wconf 91' lang='lat' dir='ltr'>illi</span> <span class='ocrx_word' id='word_1_386' title='bbox 1205 2536 1218 2581; x_wconf 82' lang='grc' dir='ltr'>ΙΙ</span> <span class='ocrx_word' id='word_1_387' title='bbox 1236 2538 1278 2571; x_wconf 83' lang='grc'>28</span> <span class='ocrx_word' id='word_1_388' title='bbox 1303 2538 1336 2570; x_wconf 91' lang='lat' dir='ltr'>in</span> <span class='ocrx_word' id='word_1_389' title='bbox 1363 2537 1437 2571; x_wconf 90' lang='lat' dir='ltr'>solo</span> <span class='ocrx_word' id='word_1_390' title='bbox 1465 2537 1468 2581; x_wconf 66' lang='lat' dir='ltr'>l</span> 
     </span>
     <span class='ocr_line' id='line_1_44' title="bbox 39 2580 1481 2624; baseline 0.002 -11"><span class='ocrx_word' id='word_1_391' title='bbox 39 2581 243 2622; x_wconf 67' lang='lat' dir='ltr'>pervapatur</span> <span class='ocrx_word' id='word_1_392' title='bbox 271 2580 333 2613; x_wconf 73' lang='lat' dir='ltr'>sed</span> <span class='ocrx_word' id='word_1_393' title='bbox 363 2582 402 2613; x_wconf 86' lang='lat' dir='ltr'>in</span> <span class='ocrx_word' id='word_1_394' title='bbox 440 2582 605 2623; x_wconf 79' lang='lat' dir='ltr'>margine</span> <span class='ocrx_word' id='word_1_395' title='bbox 635 2580 676 2614; x_wconf 85' lang='lat' dir='ltr'>al.</span> <span class='ocrx_word' id='word_1_396' title='bbox 704 2582 885 2624; x_wconf 81' lang='lat' dir='ltr'>parabatur</span> <span class='ocrx_word' id='word_1_397' title='bbox 912 2581 925 2624; x_wconf 78' lang='grc'>11</span> <span class='ocrx_word' id='word_1_398' title='bbox 954 2583 992 2616; x_wconf 90' lang='lat'>31</span> <span class='ocrx_word' id='word_1_399' title='bbox 1022 2591 1101 2615; x_wconf 87' lang='lat' dir='ltr'>suas</span> <span class='ocrx_word' id='word_1_400' title='bbox 1125 2583 1163 2614; x_wconf 81' lang='lat' dir='ltr'>in</span> <span class='ocrx_word' id='word_1_401' title='bbox 1189 2582 1308 2616; x_wconf 81' lang='lat' dir='ltr'>codice</span> <span class='ocrx_word' id='word_1_402' title='bbox 1332 2583 1481 2621; x_wconf 72' lang='lat' dir='ltr'>videtur.</span> 
     </span>
     <span class='ocr_line' id='line_1_45' title="bbox 41 2625 941 2669; baseline 0.003 -12"><span class='ocrx_word' id='word_1_403' title='bbox 41 2625 284 2669; x_wconf 74' lang='lat' dir='ltr'>eepunctumn</span> <span class='ocrx_word' id='word_1_404' title='bbox 303 2626 344 2659; x_wconf 80' lang='lat'>35</span> <span class='ocrx_word' id='word_1_405' title='bbox 371 2625 580 2659; x_wconf 83' lang='lat' dir='ltr'>babatoriam</span> <span class='ocrx_word' id='word_1_406' title='bbox 599 2626 611 2669; x_wconf 84' lang='grc'>11</span> <span class='ocrx_word' id='word_1_407' title='bbox 630 2627 672 2660; x_wconf 88' lang='grc'>36</span> <span class='ocrx_word' id='word_1_408' title='bbox 698 2630 800 2669; x_wconf 81' lang='lat' dir='ltr'>tango</span> <span class='ocrx_word' id='word_1_409' title='bbox 825 2636 941 2660; x_wconf 86' lang='lat' dir='ltr'>menas</span> 
     </span>
    </p>
   </div>
   <div class='ocr_carea' id='block_1_5' title="bbox 111 2683 1194 2717">
    <p class='ocr_par' dir='ltr' id='par_1_5' title="bbox 111 2683 1194 2717">
     <span class='ocr_line' id='line_1_46' title="bbox 111 2683 1194 2717; baseline 0.005 -5"><span class='ocrx_word' id='word_1_410' title='bbox 111 2683 241 2714; x_wconf 76' lang='lat' dir='ltr'>Petronii</span> <span class='ocrx_word' id='word_1_411' title='bbox 260 2685 370 2714; x_wconf 73' lang='lat' dir='ltr'>satirae</span> <span class='ocrx_word' id='word_1_412' title='bbox 392 2686 439 2714; x_wconf 81' lang='lat' dir='ltr'>ed.</span> <span class='ocrx_word' id='word_1_413' title='bbox 460 2686 499 2714; x_wconf 86' lang='grc' dir='ltr'>ΙΙΙ</span> <span class='ocrx_word' id='word_1_414' title='bbox 1174 2685 1194 2717; x_wconf 80' lang='grc'>4</span> 
     </span>
    </p>
   </div>
   <div class='ocr_carea' id='block_1_6' title="bbox 0 0 17 2886">
    <p class='ocr_par' dir='ltr' id='par_1_6' title="bbox 0 0 17 2886">
     <span class='ocr_line' id='line_1_47' title="bbox 0 0 17 2886; baseline 0 0"><span class='ocrx_word' id='word_1_415' title='bbox 0 0 17 2886; x_wconf 95' lang='lat' dir='ltr'> </span> 
     </span>
    </p>
   </div>
  </div>
 </body>
</html>
