1728 2886
1555 7 1558 8 ν
1582 1 1608 13 »³-

207 146 286 185 128
855 142 986 179 INDEX

205 261 402 304 elegidaria
427 258 700 292 Trimalchionis
725 258 888 290 heoeame-
954 257 1176 299 septenarius
1199 256 1347 289 Italicus
1379 256 1438 300 qui
1469 255 1511 290 de

252 308 319 339 tris
331 303 889 347 binissingulisquepentametris
1093 301 1196 344 longe
1224 300 1326 335 venio
1357 302 1570 344 aenigmatis
1592 301 1635 336 58

344 350 431 384 eheu
456 359 518 383 nos
542 349 686 383 miser-os
711 350 755 383 34
957 347 1245 390 hendecasyllabi
1267 346 1338 380 ales
1362 344 1536 380 Phasiacis
1559 343 1666 389 ver-j,
1683 385 1689 390 a

208 394 785 476 εεηανίἰῗβιῗοοῐιιιῗιῐὲοἷῗξιξιοὲἓίἰῐῗῑῗι
798 448 890 472 mae·
1095 391 1321 471 ἰθΙῖἷιιῖιῑΧῃῖξ
1362 437 1454 471 oculi
1496 436 1548 472 IX
1587 435 1637 477 fr.

390 489 463 520 slos
485 496 609 519 versus
632 485 736 519 LXV
756 487 799 520 89
1139 482 1245 516 XXIX
1615 507 1618 510 ⁴
1648 489 1659 521 j

346 531 468 565 Italici
500 531 653 565 luxuriae
688 531 775 565 rictu
806 530 895 574 Syri
1098 528 1216 561 infelix
1252 527 1353 562 modo
1387 526 1535 562 crinibus
1573 526 1661 563 VH„

393 588 516 610 versus
538 577 625 611 XVI
645 578 687 611 55
1143 575 1206 608 109
1652 587 1654 590 ’

210 624 402 658 choliambi
423 623 505 656 artis
527 631 667 656 severae
683 621 791 666 siquis
815 628 910 654 ver-'
1097 619 1177 653 nolo
1203 618 1295 664 quod
1319 618 1420 662 cupio
1444 617 1484 651 ΙΙ
1504 619 1546 653 15

391 679 452 701 sus
477 667 567 702 VIII
588 670 607 701 5
1097 664 1209 708 qualis
1233 674 1301 698 nox
1326 663 1392 698 fuit
1417 663 1455 698 V
1471 665 1515 698 79
1647 686 1665 692 .
1690 699 1691 702 ,

211 716 450 749 Anacreontei
468 722 553 747 anus
569 714 703 747 recocta
720 712 800 745 vino
818 722 894 744 ver-
1098 709 1155 753 qui
1204 709 1319 744 vultur
1365 710 1459 744 iecur
1504 707 1562 742 1V
1594 706 1658 749 fr„

394 770 454 792 sus
477 759 516 792 II
535 757 584 799 fr.
609 757 684 791 XXI
1141 754 1235 788 XXV
1658 758 1662 789 ἑ

350 804 591 847 Memphitides
622 803 757 847 puellae
790 801 824 835 V
844 800 893 842 s'r.
965 800 1109 833 Sotadei
1145 800 1211 834 huc
1250 800 1317 834 huc
1352 802 1422 834 cito
1463 797 1657 832 convenite

395 849 470 884 XIX
1146 856 1271 879 versus
1296 845 1354 880 IV
1371 846 1414 880 23

351 895 474 974 1τίξέἐὲιί
501 894 597 928 vides
621 898 659 927 ut
683 897 758 928 ortu
780 893 837 927 IV
846 891 895 933 fr.
1063 889 1065 891 ’
1101 895 1151 924 ter
1189 891 1335 935 corripui
1374 889 1559 925 terribilem
1596 887 1662 923 IX*

509 1233 765 1275 SERMONIS
797 1231 1087 1273 SATIRARVM
1118 1230 1367 1271 SPECIMEN

595 1321 801 1350 rnovEnmA
821 1320 1060 1350 GLOSSEMATA
1079 1318 1278 1347 nvsrchNA

336 1417 440 1450 omisi
474 1415 649 1448 vocalium
686 1414 1027 1456 consonantiamque
1064 1413 1328 1444 immutationes
1369 1420 1460 1454 quae
1498 1410 1657 1444 rusticas

216 1465 362 1506 possent
389 1461 507 1494 videri
537 1460 714 1504 plurimas
736 1463 929 1502 propterea
953 1459 1038 1501 quia
1067 1459 1107 1490 in
1132 1458 1197 1490 hoc
1221 1466 1351 1499 genere
1374 1455 1507 1489 codicis
1536 1465 1640 1488 recen

225 1509 353 1541 tissimi
389 1506 642 1549 Traguriensis
671 1505 881 1538 testimoniis
907 1513 1038 1547 parum
1067 1504 1212 1536 omnino
1243 1501 1329 1543 fidei
1357 1503 1419 1536 est.
1470 1503 1576 1544 atque
1603 1502 1661 1533 3“’

225 1558 266 1587 ut
295 1554 379 1587 olim
410 1551 635 1595 repudianda
666 1553 860 1583 etiamnum
892 1559 1013 1582 censeo
1036 1547 1224 1591 Efigeniam
1248 1548 1447 1591 Agamenon
1479 1545 1620 1580 sciribili
1644 1570 1655 1573 „

225 1599 356 1642 tisicus,
390 1598 512 1642 qualia
537 1598 603 1629 etsi
611 1633 614 1635 ,
628 1606 752 1639 reapse
775 1594 926 1635 fuerunt
954 1597 994 1627 in
1017 1604 1176 1627 sermone
1197 1593 1344 1636 plebeio,
1372 1592 1415 1626 de
1438 1594 1517 1626 arte
1540 1594 1632 1625 tame
1655 1627 1660 1634 ,y

225 1646 386 1679 Petronii
418 1653 483 1686 ego
512 1644 564 1676 sic
591 1645 710 1680 statuo
741 1645 783 1675 ut
800 1641 908 1684 plane
940 1639 1094 1673 noluisse
1118 1649 1197 1672 eum
1226 1638 1412 1680 adfirmem
1434 1638 1561 1671 rustici
1585 1640 1618 1670 o'
1652 1635 1653 1638 ’

225 1690 347 1724 sordes
378 1690 524 1722 imitari*
542 1698 671 1722 omnes.
717 1697 803 1720 neve
834 1688 914 1730 quis
949 1685 1050 1728 vulgi
1079 1686 1169 1718 vitia
1204 1694 1248 1718 ac
1276 1685 1443 1717 virtutem
1472 1683 1606 1726 scripto
1635 1683 1661 1724 'g

224 1735 374 1779 perinde
398 1736 535 1777 habeat,
559 1733 670 1776 digna
696 1733 836 1776 quidem
858 1731 1117 1765 Trimalchione
1141 1733 1193 1762 est
1215 1740 1291 1773 cap.
1309 1730 1352 1764 48
1369 1728 1516 1773 ampolla
1538 1726 1601 1768 for
1622 1744 1626 1751 1

228 1792 298 1825 qua
322 1780 515 1824 Apuleium
546 1789 650 1812 usum
680 1789 752 1811 esse
777 1777 899 1820 credo,
929 1779 969 1810 in
998 1777 1226 1810 Petronianis
1255 1778 1372 1808 tamen
1402 1774 1551 1808 librario
1582 1785 1661 1806 err<

229 1830 409 1870 acceptam
435 1823 631 1865 referemus
665 1825 751 1867 quia
789 1833 865 1866 cap.
890 1823 932 1857 78
969 1821 1150 1865 ampollam
1186 1821 1378 1863 indignum
1401 1821 1479 1853 erat
1501 1829 1616 1852 sermo
1648 1825 1663 1850 -1‹

228 1871 392 1915 Encolpi.
440 1881 505 1904 nee
523 1880 594 1914 pro
623 1869 742 1910 frusto
766 1870 968 1902 Habinnam
998 1877 1074 1910 cap.
1100 1868 1143 1901 66
1167 1866 1326 1900 frustrum
1355 1864 1428 1906 feci
1451 1864 1661 1909 loquentem

229 1928 309 1951 cum
331 1927 405 1950 non
428 1917 542 1950 solum
566 1915 670 1949 frusta
696 1915 858 1948 decenter
878 1914 1131 1957 pronuntiasse
1148 1912 1240 1945 idem
1264 1911 1393 1944 ibidem
1409 1909 1579 1944 tradatur
1601 1920 1657 1946 se

230 1965 337 1997 etiam
360 1964 401 1996 in
425 1962 602 2005 capitibus
627 1962 668 1995 35
693 1963 730 1993 et
753 1962 796 1995 59
821 1959 981 1994 frustrum
1006 1961 1041 1991 et
1063 1957 1186 1991 frustra
1210 1958 1322 1999 ipsius
1344 1957 1459 1990 verbis
1474 1957 1608 1999 scripto
1658 1966 1668 1987 1

231 2010 397 2042 immixta
422 2008 602 2050 legantur.
643 2008 729 2040 haec
752 2007 869 2048 igitur
892 2015 956 2038 nec
971 2001 1170 2037 satirarum
1191 2006 1305 2045 neq'ue
1328 2002 1557 2046 antiquitatis
1577 2011 1638 2044 pr
1658 1998 1659 2001 ’

227 2057 312 2099 pria
338 2055 421 2087 huic
444 2053 560 2086 indici
582 2052 683 2086 nolui
705 2053 911 2084 immiscere.
1652 2048 1655 2049 ⁷

234 2155 431 2190 absentivos
462 2156 577 2197 capite
601 2155 643 2188 33
985 2149 1143 2184 adhibete
1169 2150 1316 2182 verbera
1340 2149 1383 2183 45

235 2201 391 2235 abstinax
415 2201 459 2235 42
984 2195 1084 2229 nobis
1107 2194 1298 2236 adiutasses
1323 2195 1366 2229 62

235 2246 358 2281 accede
383 2246 472 2280 istoc
497 2247 538 2279 57
985 2240 1176 2275 adventicia
1202 2250 1288 2273 cena
1313 2241 1357 2275 90
1647 2254 1657 2274 -·,

235 2294 479 2325 accusativus:
495 2290 620 2324 accedo
638 2288 805 2323 aniculam
822 2290 843 2322 6
861 2287 918 2321 ad·
985 2287 1211 2320 adverbium:
1235 2285 1370 2330 dispare
1393 2283 1536 2329 pallavit
1551 2284 1595 2318 46
1622 2291 1654 2317 s

281 2338 405 2371 missus
423 2337 600 2371 Gaesarem
617 2338 669 2369 est
691 2337 730 2369 51
769 2333 917 2367 Africam
1030 2331 1205 2364 vinearum
1236 2330 1374 2374 largiter
1397 2332 1439 2365 71
1488 2328 1579 2363 belle
1603 2338 1622 2362 e

280 2384 329 2416 ire
343 2384 384 2417 48
424 2382 592 2417 neminem
609 2380 693 2414 nihil
710 2379 790 2413 boni
807 2378 918 2412 facere
1032 2377 1076 2410 46
1123 2376 1210 2410 bene
1235 2376 1301 2410 fuit
1317 2377 1360 2410 65
1396 2374 1547 2409 suaviter
1563 2373 1608 2408 sit
1623 2375 1643 2408 7
1652 2391 1654 2395 ⁴

283 2430 325 2462 42
362 2428 491 2462 aediles
507 2427 597 2462 male
613 2425 749 2460 eveniat
765 2426 809 2459 44
839 2434 921 2457 con·
1033 2421 1171 2456 solebas
1187 2422 1327 2455 suavius
1344 2430 1419 2456 esse
1435 2422 1476 2455 61
1491 2420 1536 2454 64
1559 2428 1648 2463 aequ

283 2472 342 2552 ger
378 2473 515 2508 frunisci
550 2471 751 2506 maledicere
783 2479 921 2514 persua·
1034 2470 1086 2501 est
1110 2476 1150 2500 ac
1174 2467 1203 2500 si
1228 2468 1272 2501 42
1316 2469 1384 2500 tam
1408 2465 1457 2500 fui
1481 2475 1581 2510 quam
1605 2473 1642 2498 v

308 2528 363 2552 ere
1036 2512 1118 2547 estis
1147 2514 1189 2546 75

240 2563 281 2596 ab
307 2564 378 2597 acia
404 2567 438 2597 et
461 2573 525 2597 acu
548 2562 659 2597 omnia
683 2570 853 2605 exponere
877 2561 920 2594 76
990 2557 1247 2592 advocationem
1272 2555 1527 2591 commodabam
1552 2555 1596 2590 96
1646 2566 1649 2570 ’

241 2608 305 2642 sibi
330 2619 502 2652 nunquam
527 2608 656 2642 acidius
680 2607 786 2642 fuisse
810 2607 853 2641 92
989 2602 1232 2646 aecrophagiae
1256 2603 1463 2645 corruptum
1485 2601 1529 2635 56

244 2653 458 2697 adcognosco
484 2655 526 2688 69
995 2648 1162 2683 silvestris
1186 2647 1294 2683 aedon
1322 2648 1382 2682 131
