1728 2886
236 146 316 186 196
847 149 1066 186 VARRONIS

845 263 1065 298 MYSTERIA

144 405 202 439 326
906 344 922 383 Ι
943 346 998 395 (1)
1087 403 1212 454 prisca
1235 404 1395 443 horrida

504 456 622 496 silent
643 457 771 496 oracla
794 460 954 509 crepera
977 459 1014 498 in
1040 460 1268 500 nemoribus

899 537 933 576 ΙΙ
955 540 1010 587 (3)

144 598 201 631 327
502 592 705 644 vulpinare
726 594 841 633 modo
865 601 903 633 et
925 607 1116 650 concursa
1138 596 1337 648 qualubet,
1360 609 1468 637 erras

887 673 939 712 ΙΙΙ
961 674 1018 723 (2)

146 745 203 779 328
376 737 466 777 licet
486 738 616 778 videre
640 739 783 780 multos
805 740 945 780 cotidie
967 742 1095 781 hieme
1116 742 1155 782 in
1182 743 1264 783 sole
1285 744 1449 796 apricari

875 820 946 859 1111
968 822 1025 871 (4)

143 893 200 926 329
370 898 436 926 aes
457 886 708 927 defraudasse
729 900 938 940 coponem,
961 889 1099 929 bovam
1122 890 1202 930 luto
1226 890 1428 940 oblevisse‚
1459 903 1547 931 cum
1570 904 1663 944 por-

230 942 346 982 titore
367 955 516 983 serram
538 943 639 983 duxe
1013 969 1016 971 -

895 1002 923 1040 V
946 1003 1003 1053 (6)

146 1076 204 1109 330
375 1067 448 1107 init
468 1068 595 1119 virgo,
626 1068 698 1108 dos
727 1081 746 1108 a
778 1070 922 1109 femina
953 1078 995 1110 ut
1015 1071 1226 1110 auferatur.
1291 1084 1391 1123 quae
1414 1072 1508 1112 mihi
1529 1080 1662 1125 postea

232 1136 349 1175 quam
371 1124 419 1163 ad
441 1124 701 1165 Concordiam
724 1125 826 1166 dicta
847 1134 905 1167 est

884 1206 931 1245 v1
954 1207 1010 1257 (5)

143 1281 200 1315 331
372 1271 438 1311 sed
462 1271 531 1311 tibi
553 1272 717 1312 fortasse
739 1273 837 1313 alius
857 1274 968 1314 molit
988 1282 1027 1314 et
1047 1274 1174 1326 depsit

879 1353 945 1392 Vll
966 1354 1024 1404 (7)

139 1429 200 1462 332
372 1419 572 1458 nascimur
594 1420 698 1459 enini
721 1420 883 1472 spissius
900 1433 1016 1472 quam
1039 1422 1264 1462 emorimur.
1307 1423 1368 1463 vix
1383 1423 1461 1463 duo
1482 1424 1663 1464 homines

228 1474 363 1514 decem
386 1475 587 1516 mensibus
618 1477 814 1516 edolatum
850 1490 970 1516 unum
994 1478 1164 1518 reddunt
1186 1492 1374 1531 puerum,
1411 1487 1548 1520 contra
1584 1494 1662 1521 una

227 1531 447 1583 pestilentia
464 1539 531 1571 aut
546 1533 695 1573 hostica
712 1533 814 1574 acies
833 1541 981 1586 puncto
999 1536 1185 1588 temporis
1202 1536 1381 1577 immanis
1398 1549 1556 1578 acervos
1573 1539 1663 1578 facit

540 1667 689 1702 NESCIS
715 1668 815 1708 QVID
844 1668 1011 1702 VESPER
1036 1669 1173 1704 SERVS
1201 1670 1345 1705 VEHA'P

897 1750 911 1789 1
935 1750 994 1804 (1)

143 1822 201 1855 333
372 1815 626 1868 lepidissimus
655 1816 748 1856 liber
777 1824 829 1857 est
862 1818 915 1858 M.
946 1818 1126 1858 Varronis
1147 1831 1196 1859 ew
1215 1822 1345 1859 satiris
1366 1820 1575 1874 Menippeis
1593 1825 1662 1875 qui

227 1871 451 1912 inscribitur
474 1873 603 1918 nescis
624 1873 716 1924 quid
748 1887 886 1926 vesper
905 1888 1017 1915 serus
1039 1876 1162 1920 vehat,
1184 1879 1225 1915 in
1245 1888 1318 1929 quo
1339 1878 1489 1918 disserit
1508 1878 1551 1918 de
1571 1885 1658 1931 apto
1707 1915 1710 1917 Α

227 1931 478 1970 convivarum
508 1942 669 1970 numero
701 1930 814 1983 deque
844 1934 964 1984 ipsius
994 1935 1163 1972 convivii
1190 1933 1321 1973 habitu
1341 1933 1527 1987 cultuque.
1571 1935 1660 1976 dicit

227 1991 355 2025 autem
376 1989 630 2027 convivarum
661 2000 864 2028 numerum
897 1991 1062 2042 incipere
1091 1997 1262 2042 oportere
1293 2004 1316 2029 a
1339 1989 1562 2031 Gratiarum
1582 2004 1660 2032 nu-
1699 2002 1717 2025 fi

225 2054 330 2082 mero
351 2051 385 2082 et
396 2045 580 2096 proqredi
593 2044 644 2084 ad
653 2043 868 2091 Musarum,
890 2047 930 2085 id
949 2052 1001 2085 est
1014 2046 1207 2098 proficisci
1219 2047 1388 2087 acribus
1411 2054 1445 2088 et
1459 2051 1659 2089 consistere

227 2101 269 2138 in
298 2112 443 2147 novem,
474 2107 518 2140 ut
547 2113 634 2140 cum
661 2103 885 2153 paucissimi
912 2106 1092 2142 convivae
1118 2111 1218 2150 sunt,
1249 2116 1328 2143 non
1352 2107 1554 2157 pauciores
1581 2108 1659 2146 sint
1700 2103 1718 2164 ζ]

141 2163 198 2196 334
227 2169 340 2208 quam
361 2162 449 2203 tres,
471 2170 556 2197 cum
573 2157 754 2210 plurimi,
789 2171 868 2198 non
899 2160 1031 2211 plures
1064 2172 1177 2212 quam
1206 2173 1351 2200 novem.
1396 2174 1484 2201 nam
1515 2162 1659 2203 multos
1704 2158 1717 2215 ⁷]

226 2215 351 2266 inquit
372 2226 458 2253 esse
481 2226 562 2253 non
585 2214 788 2262 convenit,
821 2216 925 2267 quod
948 2215 1061 2255 turba
1085 2216 1317 2269 plerumque
1338 2225 1397 2258 est
1417 2218 1657 2267 turbulenta,
1698 2222 1719 2261 3

225 2275 264 2308 et
284 2268 430 2309 Romae
462 2270 619 2322 quidem
655 2277 750 2319 stat,
781 2272 889 2312 sedet
921 2273 1108 2322 Athenis,
1140 2286 1334 2326 nusquam
1369 2281 1499 2316 autem
1528 2275 1658 2316 cubat.
1694 2269 1704 2303 ³

136 2333 194 2366 335
223 2326 351 2378 ipsum
373 2326 515 2367 deinde
538 2328 760 2368 convivium
783 2335 937 2369 constat
958 2332 1081 2382 inquit
1102 2343 1148 2369 cx
1169 2331 1288 2372 rebus
1310 2338 1496 2383 quattuor
1514 2339 1553 2372 et
1573 2339 1657 2373 tum

340 2439 405 2472 326
431 2438 476 2473 Ν.
499 2450 535 2481 p.
556 2441 596 2473 13
621 2449 758 2483 crepera
781 2441 785 2480 Ι
805 2441 930 2483 supple
955 2441 1025 2473 tale
1049 2451 1143 2474 sacra
1169 2451 1305 2484 crepera
1329 2442 1386 2475 vel
1407 2442 1543 2487 crepula
1560 2442 1574 2487 ΙΙ
1591 2445 1656 2478 327

225 2480 268 2516 Ν,
292 2493 326 2524 p.
352 2485 395 2517 46
420 2483 588 2528 vulpinari
611 2485 615 2527 Ι
637 2494 751 2518 errans
775 2485 970 2518 Met-cerins
987 2486 999 2530 ΙΙ
1018 2487 1082 2521 328
1107 2485 1151 2519 Ν.
1173 2497 1208 2529 p.
1235 2487 1277 2521 76
1310 2487 1451 2531 apricari
1478 2486 1492 2531 ΙΙ
1521 2490 1587 2523 329
1611 2488 1656 2522 Ν.
1699 2497 1716 2526 '2

221 2537 258 2570 p.
283 2529 325 2561 25
351 2529 532 2571 portitores
565 2530 570 2574 Ι
602 2540 790 2574 cauponem
821 2531 943 2574 plures
976 2532 1062 2564 libri
1092 2532 1097 2574 Ι
1129 2531 1252 2565 obbam
1279 2532 1446 2567 Ouiae-ius
1473 2533 1486 2577 11
1520 2535 1586 2569 330
1611 2533 1655 2568 Ν.
1686 2534 1717 2580 ‚¹

222 2582 257 2614 p.
283 2573 347 2607 280
373 2574 485 2608 dicere
506 2576 511 2616 Ι
538 2575 572 2608 in
597 2575 630 2608 id
655 2576 748 2610 iibri.
795 2587 867 2609 non
893 2578 982 2619 opus
1004 2578 1141 2610 mutari
1162 2580 1201 2610 in
1227 2577 1322 2612 nubit
1353 2579 1366 2621 11
1393 2580 1457 2614 331
1483 2578 1527 2613 Ν.
1550 2590 1586 2623 p.
1612 2581 1660 2615 99
1688 2581 1707 2619 J

225 2616 366 2661 depsere
383 2618 395 2662 ss
414 2621 479 2654 332
504 2620 548 2654 N.
572 2631 606 2664 p.
625 2622 690 2655 392
715 2622 862 2664 spissum
1685 2649 1692 2652 =

339 2663 405 2698 333
429 2676 472 2699 ss.
500 2665 630 2699 Gellius
654 2666 726 2700 xffl
752 2669 787 2701 11
