1728 2886
197 139 280 179 152
833 139 1027 176 GARMINA

256 262 292 295 15
352 255 417 295 ille
439 254 728 294 Pelethroniam
750 255 896 296 cecinit
915 255 1137 296 miserabile
1159 268 1319 297 carmen

403 311 450 351 ad
471 311 672 360 citharam,
693 311 839 352 cithara
860 312 1012 352 tensior
1034 312 1117 365 ipse
1137 325 1220 352 sua.

350 367 495 408 nobilis
514 368 609 408 hinc
630 374 720 408 nata
739 381 884 422 nempe
904 369 1045 421 incipit
1063 369 1152 409 Ilias
1172 370 1241 418 ira,

401 424 641 477 principium
663 426 765 465 sacri
782 426 967 466 carminis
988 426 1051 466 illa
1072 426 1158 466 fuit.

349 481 467 521 altera
489 482 649 522 materia
671 488 730 522 est
749 495 862 523 error
881 483 1052 523 fallentis
1072 482 1192 531 Vlixi;

252 545 292 578 20
397 539 429 578 si
449 551 583 578 verum
607 551 760 591 queras,
782 540 891 580 hunc
911 552 1070 592 quoque
1090 540 1211 579 movit
1230 552 1353 580 amor.

349 594 414 635 hic
434 595 576 647 legitur
597 596 718 644 radix,
740 596 787 636 de
808 609 885 648 qua
906 596 978 643 flos
998 608 1142 636 aureus
1162 597 1253 646 exit,

401 664 518 704 quam
539 664 628 692 cum
649 651 772 705 μῶλυ
792 658 917 703 vocat,
940 653 1114 693 mentula
1134 652 1257 707 μῶλυ
1274 654 1361 694 fuit.

347 708 411 748 hic
432 709 598 761 legimus
619 709 756 749 Circen
778 710 1117 761 Atlantiademque
1138 710 1331 764 Calypsun
1391 719 1393 721 '

400 765 563 817 grandia
585 766 752 806 Dulichii
773 779 860 807 vasa
881 766 1026 819 petisse
1046 766 1130 806 viri,

252 828 291 861 25
347 822 465 862 huius
486 828 526 862 et
545 822 698 862 Alcinoi
719 823 857 863 mirata
879 829 938 863 est
957 823 1034 863 filia
1054 823 1275 864 membrum

400 878 603 919 frondenti
624 891 732 919 ramo
753 879 816 919 vix
836 880 1011 932 potuisse
1031 880 1123 931 tegi.

350 935 397 975 ad
418 936 586 976 vetulam
607 942 737 976 tamen
759 936 823 976 ille
844 949 952 977 suam
974 936 1224 989 properabat,
1246 942 1284 977 et
1301 938 1436 978 omnis

402 1005 516 1033 mens
536 998 618 1032 erat
638 993 678 1033 in
701 1006 848 1042 cunno,
870 994 1105 1046 Penelopea,
1127 1000 1218 1034 tuo:

351 1061 450 1102 quae
471 1049 527 1089 sic
548 1055 651 1090 casta
672 1062 820 1097 manes,
843 1056 886 1091 ut
905 1051 979 1090 iam
1001 1051 1178 1091 convivia
1198 1050 1296 1091 visas

253 1112 294 1146 30
399 1111 522 1157 utque
543 1107 762 1146 fututorum
784 1107 834 1147 sit
854 1113 920 1147 tua
942 1107 1059 1160 plena
1081 1108 1232 1147 domus.

351 1176 372 1203 e
393 1162 537 1214 quibus
557 1168 601 1202 ut
620 1163 742 1203 scires
765 1164 992 1216 quicunque
1012 1164 1204 1204 valentior
1225 1170 1338 1212 esset,

403 1220 499 1259 haec
521 1232 562 1260 es
583 1220 629 1260 ad
651 1227 824 1261 arrectos
843 1220 961 1261 verba
981 1221 1111 1261 locuta
1132 1233 1295 1273 procos:

350 1279 481 1316 ‘nemo
503 1289 591 1316 meo
613 1277 753 1317 melius
775 1290 939 1317 nervum
962 1277 1148 1318 tendebat
1169 1278 1290 1325 Vlixe,

402 1333 481 1373 sive
502 1333 556 1373 illi
577 1333 741 1373 laterum
764 1334 843 1374 sive
864 1340 947 1374 erat
966 1334 1059 1375 artis
1080 1348 1192 1387 opus.

253 1396 292 1429 35
351 1390 417 1442 qui
440 1389 626 1442 quoniam
646 1391 774 1442 periit,
794 1404 863 1431 vos
885 1404 992 1431 nunc
1013 1391 1216 1438 intendite,
1239 1390 1395 1442 qualem

404 1459 488 1487 esse
509 1447 634 1487 virum
655 1448 796 1496 sciero,
817 1448 875 1487 vir
894 1448 945 1488 sit
965 1454 1008 1487 ut
1028 1448 1092 1487 ille
1112 1447 1248 1488 meus.'

349 1503 422 1543 hac
444 1516 530 1556 ego,
551 1503 763 1556 Penelope,
785 1504 897 1556 potui
918 1504 989 1544 tibi
1010 1505 1095 1556 lege
1116 1505 1282 1556 placere,

400 1559 467 1600 illo
490 1559 556 1601 sed
579 1560 757 1600 nondum
778 1567 956 1613 tempore
977 1562 1100 1601 factus
1122 1573 1240 1601 eram.

831 1673 1004 1714 LXVIIII

352 1741 450 1782 Cum
471 1741 534 1782 fici
556 1741 627 1781 tibi
650 1742 816 1782 suavitas
837 1741 986 1782 subibit

351 1803 391 1838 et
410 1798 484 1838 iam
506 1799 711 1851 porrigere
730 1799 809 1838 huc
829 1810 989 1838 manum
1010 1797 1158 1847 libebit,

349 1855 396 1895 ad
418 1867 481 1895 me
502 1855 666 1907 respice,
688 1856 765 1903 fur,
787 1862 825 1895 et
843 1855 1056 1903 aestimato,

349 1919 448 1964 quot
467 1913 601 1965 pondo
623 1918 682 1953 est
701 1912 772 1952 tibi
791 1912 1003 1952 mentulam
1025 1911 1252 1952 cacandum.
1694 1955 1715 1971 Ὗ

351 2080 477 2121 lllusit
496 2081 591 2121 mihi
611 2093 762 2134 pauper
781 2081 1018 2134 inquilinus:
1695 2095 1720 2116 r<

351 2150 440 2177 cum
461 2137 582 2179 libum
605 2138 766 2178 dederat
785 2138 966 2189 molaque
986 2138 1072 2177 fusa

351 2195 554 2246 quadram,
575 2195 754 2247 partibus
776 2195 915 2235 abditis
936 2195 975 2234 in
998 2194 1143 2246 ignem,

350 2263 463 2291 sacro
484 2252 667 2304 protinus
687 2251 782 2292 hinc
801 2251 881 2292 abit
901 2257 1074 2303 peracto.

274 2314 295 2347 5
352 2308 470 2348 vicini
491 2309 598 2349 canis
618 2309 696 2348 huc
716 2307 884 2349 subinde
906 2308 1011 2348 venit

355 2365 548 2414 nidorem,
570 2371 679 2418 puto,
701 2370 907 2418 persecuta
929 2365 1038 2414 fumi,

316 2510 443 2544 LXVIII
461 2512 502 2545 18
520 2511 565 2545 ile
578 2511 816 2545 Baehrens-ius
836 2510 842 2554 Ι
864 2512 903 2545 21
932 2511 1062 2545 lacteus
1080 2510 1244 2553 Scaliger
1264 2509 1269 2554 Ι
1291 2511 1334 2544 22
1359 2518 1460 2553 quem
1480 2514 1485 2551 1
1508 2509 1549 2544 31
1576 2507 1635 2551 qui

199 2565 337 2599 quoque
355 2556 395 2589 L.
414 2556 606 2590 Muellerus
627 2556 632 2602 Ι
654 2558 697 2592 34
722 2566 781 2591 seu
807 2556 870 2590 suit
894 2556 960 2590 alii
979 2556 986 2600 Ι
1007 2557 1049 2590 38
1074 2558 1173 2590 natus
1198 2555 1342 2598 quidam
1362 2554 1367 2599 Ι
1387 2553 1474 2588 Lxx
1500 2555 1519 2588 2
1543 2552 1636 2596 cum]
1717 2562 1728 2603 ,ξ

202 2600 261 2644 qui
285 2600 410 2643 volgo,
441 2602 535 2635 unde
562 2603 669 2645 prius
694 2603 914 2636 coniecerant
941 2602 998 2646 qui
1023 2611 1099 2635 cum
1123 2601 1195 2635 libo
1221 2600 1336 2634 aderat
1359 2599 1519 2644 molaque
1543 2597 1636 2633 salsa

200 2656 343 2690 quorum
365 2645 371 2691 Ι
392 2647 411 2680 3
438 2657 578 2691 quarum
599 2647 606 2692 Ι
627 2649 647 2682 6
671 2649 850 2692 prosecuta
873 2658 986 2691 paene
1010 2657 1126 2680 omnes
