1728 2886
215 142 297 181 184
820 142 1043 179 VARRONIS

864 258 917 298 XI
939 259 997 310 (2)
1677 301 1686 305 ,.

117 332 175 366 209
320 337 401 364 non
425 324 700 366 animadvertis
721 326 900 375 cetarios‚
922 339 1014 367 cum
1037 326 1166 367 videre
1187 326 1324 367 volunt
1344 327 1383 368 in
1406 328 1502 369 mari
1521 329 1641 370 thun—

208 394 294 445 nos,
317 381 531 467 esscendere
552 382 591 422 in
615 382 759 423 malum
780 383 856 423 alte
870 413 880 431 ‚
911 389 956 424 ut
976 384 1133 436 penitus
1153 396 1224 436 per
1243 396 1383 436 aquam
1404 385 1644 438 perspiciant

237 451 358 479 isoes.

206 451 231 491 p
852 496 923 536 XII
944 497 1002 547 (l)

116 570 174 605 210
345 575 416 615 age
448 575 558 603 nunc
587 563 785 604 contende
813 564 978 604 alterum
1012 577 1139 616 genus
1171 564 1476 620 φιλοθέωρον,
1499 565 1640 618 ecquid

202 619 257 659 ibi
278 619 421 660 videris
443 619 584 660 melius
920 640 924 645 ·

667 696 890 731 HERCVLES
917 696 1184 732 SOCRATICVS

875 767 891 806 l
912 769 970 816 (1)

118 843 176 877 211
354 834 419 886 qui
442 834 614 875 sutrinas
635 834 764 874 facere
785 834 933 875 inscius
955 834 1053 874 nihil
1073 835 1190 875 homo
1212 836 1295 887 agis

867 913 903 953 ll
924 914 983 965 (2)
1686 961 1707 979 >2

114 991 171 1025 212
343 981 383 1021 in
407 980 592 1022 omnihus
613 981 733 1022 rebus
753 981 869 1022 bonis
900 981 1127 1032 cotidianis,
1157 982 1260 1023 cubo
1291 983 1330 1023 in
1354 982 1553 1023 Sardianis
1582 989 1637 1023 ta·

203 1037 372 1091 petibus,
399 1038 620 1091 chlamydas
642 1044 680 1078 et
701 1050 902 1091 purpurea
923 1039 1091 1079 amicula

657 1161 880 1195 HERCVLES
906 1161 1031 1195 TVAM
1056 1162 1080 1195 F
1082 1161 1186 1196 IDEM

876 1243 893 1282 1
914 1245 972 1294 (1)

108 1320 164 1354 213
471 1316 592 1350 noctu
615 1310 846 1350 Hannibalis
867 1313 958 1350 clim
979 1311 1106 1363 fugavi
1129 1311 1357 1359 exercitum,

471 1367 649 1407 Tutanus
669 1367 746 1407 hoc
762 1367 959 1407 Tutanum
978 1368 1124 1407 Romae
1142 1381 1365 1421 nuncupor.

470 1424 707 1476 hacpropter
723 1436 862 1464 omnes
883 1424 950 1476 qui
970 1423 1166 1474 laborant,
1183 1425 1367 1465 invocant

106 1571 163 1607 214
646 1559 819 1611 procella
840 1503 979 1612 fiigiiiiu
1000 1573 1108 1600 mare
1129 1561 1270 1602 obruat
1290 1560 1462 1601 celocem

849 1639 901 1679 Ill
922 1640 979 1691 (3)

106 1709 162 1742 215
468 1706 541 1747 per
562 1695 774 1736 maritimas
796 1700 883 1737 oras
903 1703 1015 1749 vagat

844 1775 915 1815 llll
935 1776 993 1827 (2)
1689 1832 1691 1834 v

103 1856 159 1890 216
338 1853 418 1880 non
442 1841 676 1892 Tutilinam,
713 1855 830 1894 quam
853 1855 925 1894 ego
947 1844 1030 1897 ipse
1051 1844 1211 1892 invoco,
1249 1842 1354 1895 quod
1383 1855 1494 1884 meae
1514 1855 1630 1884 aures
1727 1903 1728 1906 Ἴ

198 1896 266 1936 ahs
286 1903 324 1937 te
346 1897 578 1939 obsidentur

665 1975 770 2011 IDEM
794 1976 897 2011 ATTl
923 1976 1039 2017 QVOD
1065 1977 1151 2012 TlTl

101 2061 157 2095 21¹1
500 2046 594 2097 quid
617 2045 705 2087 est?
727 2047 821 2099 quid
842 2046 990 2088 latras?
1012 2048 1105 2100 quid
1127 2045 1260 2087 rabis?
1284 2047 1376 2099 quid
1396 2049 1453 2087 vis
1472 2045 1574 2087 tibi?

218 2199 249 2233 ’d
291 2156 375 2234 {209
398 2156 444 2190 Ν.
462 2168 501 2201 p.
527 2159 570 2192 49
602 2159 721 2192 cetarii
755 2159 767 2203 ΙΙ
802 2161 866 2194 210
890 2158 935 2193 Ν.
957 2170 993 2202 p.
1019 2160 1084 2194 259
1109 2158 1313 2193 contendere
1351 2157 1357 2202 Ι
1392 2168 1437 2193 ne
1467 2158 1549 2203 quid
1580 2158 1629 2192 ibi
1680 2153 1683 2155 ’

192 2210 226 2233 Vl
252 2210 299 2233 ΕΠ
1678 2211 1684 2222 ”

307 2248 370 2281 211
398 2246 443 2281 Ν.
466 2258 501 2291 p.
531 2250 594 2283 168
630 2249 786 2283 sutrinas.
832 2251 1004 2292 putabam
1040 2251 1176 2283 emitum
1213 2249 1309 2283 velut
1343 2250 1480 2282 senarii
1515 2248 1629 2289 fuisse
1675 2285 1687 2287 ⁷
1727 2236 1728 2240 Ἰ

191 2291 296 2324 talem
323 2292 380 2336 qui
405 2293 568 2327 sutrinam
593 2304 630 2328 es
656 2294 767 2328 facere
793 2295 922 2328 inscius
955 2294 960 2340 Ι
996 2295 1102 2329 nihilo
1138 2295 1247 2338 magis
1271 2294 1420 2328 notatus
1448 2294 1461 2339 ΙΙ
1490 2296 1557 2329 212
1581 2294 1627 2331 Ν.
1673 2294 1679 2320 J

184 2347 222 2379 p.
250 2339 315 2371 542
353 2341 467 2381 tapete
492 2342 582 2382 etp.
607 2341 673 2375 539
715 2340 870 2384 chlamys
902 2341 907 2384 Ι
941 2341 1112 2374 cotidiano
1136 2340 1376 2383 Rustnloem‘us,
1411 2340 1490 2374 vivo
1527 2340 1630 2374 addit
1680 2359 1684 2367 s

189 2382 367 2426 Hauptius
398 2384 405 2427 Ι
439 2383 649 2419 Sardinianis
671 2385 813 2419 Nonius
848 2385 854 2431 Ι
891 2386 1054 2420 clamides
1078 2386 1191 2420 codem
1216 2388 1387 2430 optimus:
1413 2385 1628 2431 chlamyden

187 2438 357 2471 purpurea
383 2429 530 2471 amiculo
558 2430 726 2464 Oelzlerus
1670 2474 1682 2476 ⁴

304 2474 368 2507 213
396 2474 441 2508 Ν.
465 2486 499 2518 p.
525 2477 567 2510 47
593 2475 747 2510 Tutanus
769 2475 775 2521 Ι
796 2477 903 2510 tutela
930 2476 1057 2511 Romae
1081 2477 1218 2510 conieci
1241 2479 1322 2509 ante
1343 2477 1500 2519 primum
1518 2477 1626 2510 vern'-
1668 2499 1679 2506 ,

186 2518 306 2551 culum
332 2520 500 2563 supplem
524 2522 630 2555 talem
655 2521 734 2556 olim
762 2521 853 2566 quod
872 2522 964 2556 urbis
988 2521 1153 2566 sospitavi
1178 2522 1310 2556 moenia
1336 2524 1372 2554 et
1382 2524 1466 2565 poet
1481 2523 1625 2555 tertium
1675 2555 1676 2558 ,

187 2562 357 2597 Tutanum
378 2565 384 2608 Ι
406 2575 459 2599 me
485 2566 647 2601 invocant
671 2568 774 2610 volgo
794 2566 806 2611 ΙΙ
823 2569 889 2602 214
901 2567 947 2601 Ν.
959 2579 994 2611 p.
1012 2568 1076 2602 533
1095 2567 1191 2601 celox
1213 2567 1217 2610 Ι
1239 2568 1342 2610 mare]
1369 2569 1442 2601 arte
1459 2567 1472 2608 1
1489 2568 1554 2602 215
1578 2566 1624 2602 Ν.
1670 2607 1671 2610 ¹

179 2619 219 2652 p.
232 2610 421 2653 468xvagas
438 2610 450 2655 ΙῙ
470 2613 536 2646 216
549 2612 594 2646 Ν.
603 2623 641 2655 p.
653 2614 695 2647 47
714 2611 882 2647 Tutilina:
908 2613 1093 2656 legebatur
1109 2614 1176 2646 Ιιοο
1192 2615 1230 2646 in
1252 2617 1378 2646 satura
1395 2615 1479 2647 ante
1493 2611 1542 2653 [ν.
1556 2613 1624 2647 213
1670 2620 1675 2623 ”

299 2655 363 2689 217
388 2655 432 2689 Ν.
456 2667 492 2700 p.
518 2659 562 2691 40
586 2658 704 2692 tabere
725 2658 730 2703 Ι
751 2658 874 2693 lateras
899 2661 984 2693 boni
1007 2660 1111 2692 libri.-
1135 2657 1283 2692 blateras
1307 2658 1441 2692 Aldina
1667 2678 1676 2691 ,κ
