1780 2892
688 147 875 186 sA'nRAE
1439 148 1492 186 15

3 269 64 304 Lo
74 265 207 305 crimis
235 264 275 304 in
307 264 428 304 risum
459 269 562 303 mota
592 263 875 303 descendentes
895 263 942 302 ab
963 275 1057 302 aure
1077 262 1239 315 capillos
1260 275 1367 303 meos
1388 263 1494 303 lenta

35 325 195 364 hmanu
225 321 334 360 duxit
358 320 365 373 l
391 326 431 360 et
451 319 575 360 ‘facio’
594 319 723 371 inquit
743 320 927 360 ‘indutias
945 318 1157 367 vobiscum,
1181 325 1220 359 et
1239 331 1260 359 a
1281 320 1493 360 constituta

3 377 141 418 Lolite
171 377 333 416 dimitto.
379 376 482 428 quod
509 374 515 430 Ι
541 375 571 416 si
605 388 684 416 non
715 375 948 416 adnuissetis
977 376 1024 416 de
1054 376 1125 415 hac
1155 376 1346 417 medicina
1377 388 1491 428 quam

71 440 176 486 peto,
198 434 270 472 iam
293 440 423 485 parata
444 438 527 472 erat
546 432 586 472 in
608 432 821 472 crastinum
842 431 969 481 turba,
991 444 1091 483 quae
1113 439 1152 471 et
1167 432 1349 472 iniuriam
1366 444 1491 472 meam

23 500 44 534 5
71 490 286 530 vindicaret
307 497 345 529 et
366 489 614 542 dignitatem:

272 545 472 586 contemni
493 551 606 597 turpe
627 550 696 592 est,
718 544 843 596 legem
865 545 1013 584 donare
1033 543 1269 596 superbum;

326 603 401 642 hoc
421 614 521 650 amo,
543 601 648 653 quod
668 613 828 653 possum
851 613 926 652 qua
947 601 1043 640 libet
1063 601 1119 640 ire
1139 601 1210 640 via.

272 671 363 699 nam
383 670 477 699 sane
496 664 535 698 et
554 657 710 710 sapiens
729 662 980 709 contemptus
998 657 1121 709 iurgia
1144 656 1284 705 nectit,

329 721 367 755 et
388 715 454 767 qui
476 727 556 755 non
578 714 738 766 iugulat,
759 714 883 754 victor
903 713 1010 754 abire
1030 713 1147 754 solet'

767 784 790 808 *

3 836 42 870 10
183 827 391 879 complosis
420 827 559 868 deinde
588 826 769 867 manibus
799 827 838 866 in
869 832 1020 866 tantum
1043 831 1206 878 repente
1226 825 1348 866 risum
1369 826 1491 866 effusa

73 888 150 931 est,
181 889 225 922 ut
254 884 493 924 timeremus.
532 884 634 923 idem
665 896 711 922 ex
741 883 861 923 altera
890 889 1000 935 parte
1030 888 1069 922 et
1087 882 1227 922 ancilla
1247 882 1358 932 fecit,
1390 895 1489 934 quae

70 939 180 990 prior
218 947 394 987 venerat,
425 940 528 979 idem
558 939 806 992 virguncula,
844 951 943 990 quae
981 951 1059 978 una
1100 939 1320 978 intraverat.
1361 939 1488 979 omnia
1504 944 1557 984 19

69 995 226 1034 mimico
248 997 327 1036 risu
350 1001 630 1043 exsonuerant‚
660 1007 748 1036 cum
770 995 926 1036 interim
947 1008 1041 1043 nos,
1063 1007 1163 1047 quae
1182 1001 1260 1034 tam
1282 996 1489 1048 repentina

70 1057 171 1091 esset
209 1052 368 1092 mutatio
407 1052 625 1092 animorum
656 1052 775 1099 sacta,
815 1051 1086 1103 ignoraremus
1115 1064 1160 1091 ac
1188 1052 1304 1091 modo
1337 1057 1490 1092 nosmet

0 1116 45 1150 ‚ln
70 1107 175 1159 ipsos
194 1108 310 1148 modo
331 1109 515 1149 mulieres
534 1109 780 1148 intueremur

0 1197 2 1206 .
771 1178 792 1203 ιι

0 1213 2 1272 ξ
27 1220 57 1254 L
177 1218 184 1273 Ι
212 1220 311 1260 ‘ideo
340 1221 443 1260 vetui
472 1220 586 1260 hodie
608 1220 647 1259 in
668 1220 745 1260 hoc
766 1221 986 1260 deversorio
1009 1232 1243 1272 quemquam
1263 1220 1486 1260 mortalium

0 1276 3 1323 ἰ
70 1275 237 1324 admitti,
267 1283 310 1316 ut
339 1277 552 1321 remedium
582 1276 768 1317 tertianae
799 1277 883 1317 sine
904 1277 981 1316 ulla
1001 1277 1316 1329 interpellatione
1336 1289 1356 1316 a
1377 1276 1486 1317 vobis

70 1333 312 1385 acciperem!
354 1340 396 1374 ut
424 1334 519 1374 haec
549 1333 641 1373 dixit
671 1333 877 1382 Quartilla,
909 1333 1086 1386 Ascyltos
1111 1333 1265 1385 quidem
1287 1333 1486 1386 paulisper

71 1388 283 1441 obstupuit,
309 1402 380 1441 ego
402 1396 528 1430 autem
550 1389 726 1441 frigidior
745 1390 871 1430 hieme
892 1389 1036 1430 Gallica
1056 1390 1180 1430 factus
1201 1390 1351 1430 nullum
1371 1390 1483 1442 potui

67 1445 228 1485 verbum
264 1446 453 1486 emittere.
493 1447 559 1486 sed
591 1459 640 1486 ne
670 1446 762 1497 quid
792 1446 940 1487 tristius
970 1453 1235 1499 expectarem,
1277 1446 1482 1487 comitatus

68 1501 244 1541 faciebat.
284 1508 361 1542 tres
393 1503 496 1541 enim
527 1508 638 1542 erant
668 1502 936 1550 mulierculae,
974 1503 1006 1542 si
1037 1503 1129 1554 quid
1158 1503 1304 1543 vellent
1332 1502 1480 1551 conari,

67 1557 371 1605 infirmissimae,
402 1558 550 1598 scilicet
578 1565 716 1598 contra
745 1571 840 1606 nos,
870 1559 1004 1611 quibus
1033 1560 1064 1599 si
1091 1559 1187 1598 nihil
1206 1559 1333 1607 aliud,
1363 1559 1482 1599 virilis
1512 1566 1514 1568 ’

65 1626 181 1654 sexus
200 1619 312 1654 esset.
349 1620 388 1654 et
406 1615 618 1666 praecincti
639 1620 745 1655 certe
765 1614 878 1655 altius
899 1627 1063 1656 eramus.
1095 1616 1214 1655 immo
1235 1627 1308 1666 ego
1329 1615 1385 1655 sic
1406 1615 1481 1655 iam

64 1670 171 1722 paria
201 1682 518 1722 composueram,
549 1677 591 1710 ut
611 1671 643 1710 si
665 1671 969 1723 depugnandum
990 1673 1110 1719 soret,
1140 1672 1223 1723 ipse
1243 1683 1334 1712 cum
1355 1671 1481 1718 Quar-

14 1732 34 1765 5
61 1725 141 1766 tilla
163 1726 414 1767 consisterem
428 1758 438 1775 ,
459 1727 636 1779 Ascyltos
658 1739 745 1767 cum
770 1728 920 1777 ancilla,
942 1728 1058 1768 Giton
1081 1740 1168 1768 cum
1191 1727 1340 1779 virgine

764 1797 786 1821 *

173 1845 269 1878 tunc
298 1850 388 1878 vero
420 1839 562 1879 excidit
591 1839 718 1879 omnis
747 1840 965 1879 constantia
995 1840 1182 1887 attonitis,
1213 1845 1252 1880 et
1272 1852 1377 1880 mors
1398 1853 1478 1880 non

61 1893 177 1934 dubia
198 1894 430 1934 miserorum
452 1896 586 1936 oculos
606 1895 736 1947 coepit
756 1895 951 1936 obducere

756 1966 778 1990 ὴ

173 2006 294 2059 ‘rogo’
315 2007 474 2058 inquam
496 2007 687 2056 ‘domina,
708 2008 740 2048 si
762 2008 854 2060 quid
875 2009 1025 2049 tristius
1046 2020 1172 2060 paras,
1193 2008 1359 2049 celerius
1380 2021 1477 2049 con·
1491 2015 1544 2056 20

61 2062 154 2111 fice3
184 2075 312 2115 neque
333 2064 437 2103 enim
458 2069 535 2103 tam
555 2076 740 2117 magnum
757 2065 909 2104 facinus
929 2065 1174 2113 admisimus,
1206 2072 1249 2104 ut
1269 2065 1479 2106 debeamus

21 2125 34 2158 J
59 2118 151 2158 torti
171 2119 311 2171 perire'

756 2191 778 2215 *

181 2232 323 2272 ancilla
341 2244 439 2284 quae
459 2233 608 2286 Psyche
629 2233 860 2283 vocabatur,
886 2233 1093 2275 lodiculam
1115 2234 1154 2274 in
1176 2233 1398 2286 pavimento
1419 2235 1476 2275 di-

58 2285 224 2339 ligenter
243 2289 418 2330 extendit
1218 2298 1222 2302 '

757 2360 778 2384 *

169 2399 386 2441 sollicitavit
404 2400 565 2453 inguina
587 2414 670 2443 mea
693 2403 798 2443 mille
820 2402 894 2443 iam
916 2402 1106 2444 mortibus
1127 2403 1263 2454 frigida

169 2544 185 2578 1
213 2546 341 2578 tentata
371 2545 427 2578 vol
457 2546 619 2590 temptata
645 2556 745 2581 mann
771 2546 784 2592 fl
808 2547 827 2581 3
850 2547 1056 2589 flagitamus
1080 2557 1142 2581 vos
1166 2547 1226 2583 lite
1250 2547 1263 2593 ΙΙ
1290 2549 1309 2583 8
1335 2547 1442 2583 flectit
1464 2548 1476 2591 ll

61 2587 101 2622 13
124 2587 227 2623 nimio
250 2589 334 2623 libri
362 2593 508 2633 praeter·
531 2591 741 2625 Ber-nomem
766 2593 778 2636 ΙΙ
803 2593 845 2626 23
870 2596 977 2633 esset,
1011 2595 1046 2626 at
1075 2592 1186 2627 codex
1211 2593 1474 2637 Scaligeranus.

59 2633 93 2665 οἰ
110 2633 310 2675 particulae
333 2635 431 2668 loeus
454 2638 532 2669 erat
554 2638 592 2669 in
612 2639 742 2680 priore
765 2640 940 2671 sententia
964 2640 1087 2681 aperte
1110 2638 1234 2673 mutila
