1780 2892
703 152 886 187 SATIRAE
1439 151 1491 191 23

10 267 259 319 BLconcepti
281 267 379 315 sint;
400 272 634 319 temptemus
653 272 795 315 tamen,
816 268 849 307 si
869 266 993 307 adhuc
1018 266 1174 307 sorbilia
1194 266 1311 307 sunt.’
1351 268 1494 320 accipi-

79 336 166 363 mus
197 335 268 363 nos
297 324 510 363 cochlearia
531 336 612 363 non
635 323 765 363 minus
784 323 944 363 selibras
972 323 1181 376 pendentia
1203 335 1348 375 ovaque
1369 336 1416 364 ex
1437 325 1493 363 fa-

78 379 165 419 rina
193 380 329 431 pingui
368 381 528 432 figurata
557 379 840 431 pertundimus.
900 392 972 431 ego
1003 380 1159 431 quidem
1193 393 1318 432 paene
1347 380 1494 432 proieci

77 441 227 488 partem
248 448 386 484 meam,
409 448 498 475 nam
517 435 719 476 videbatur
739 436 832 475 mihi
853 436 928 475 iam
950 436 989 475 in
1011 436 1160 488 pullum
1182 437 1316 477 coisse.
1354 436 1493 476 deinde

28 499 53 532 5
79 497 124 531 ut
142 491 267 531 audivi
287 498 455 532 veterem
485 492 702 532 convivam:
735 492 809 531 ‘hic
841 492 972 531 nescio
1003 492 1093 543 quid
1125 491 1218 532 boni
1249 493 1363 532 debet
1383 492 1493 540 esse',

77 554 305 600 persecutus
325 555 506 601 putamen
528 561 646 588 manu
673 548 968 600 pinguissimam
988 548 1190 588 ficedulam
1222 549 1352 588 inveni
1382 550 1493 601 pipe-

76 610 160 644 rato
181 604 307 644 vitello
330 605 619 645 circumdatam.

189 661 262 700 iam
295 661 526 701 Trimalchio
557 662 688 701 eadem
728 660 857 700 omnia
886 661 974 700 lusu
1005 660 1227 701 intermisso
1260 666 1494 713 poposcerat
1507 662 1561 703 34

76 717 299 768 feceratque
327 724 558 769 potestatem
588 718 689 757 clara
719 730 832 764 voce,
862 717 894 756 si
915 716 1001 768 quis
1022 723 1200 756 nostrum
1219 717 1361 757 iterum
1381 717 1494 757 vellet

11 778 48 813 10
75 773 242 812 mulsum
264 786 438 821 sumere,
468 786 555 814 cum
586 773 714 814 subito
745 774 898 825 signum
920 773 1151 825 symphonia
1172 773 1285 813 datur
1304 780 1342 813 et
1362 779 1494 825 gusta-

76 829 174 868 toria
195 830 339 881 pariter
359 842 379 869 a
400 831 520 870 choro
550 836 731 870 cantante
759 830 979 881 rapiuntur.
1029 835 1201 870 ceterum
1225 830 1328 869 inter
1347 830 1493 870 tumul-

76 891 156 924 tum
180 897 266 924 cum
289 887 387 925 forte
417 887 594 938 paropsis
625 886 828 926 excidisset
858 891 896 925 et
926 898 1024 937 puer
1053 886 1243 926 iacentem
1264 886 1492 935 sustulisset,

76 941 342 981 animadvertit
364 942 597 982 Trimalchio
629 942 878 994 colaphisque
909 942 1107 994 obiurgari
1137 955 1302 993 puerum
1323 955 1367 982 ac
1388 943 1493 994 proi-

0 1043 1 1048 ,
77 1009 165 1037 cere
195 1010 330 1038 rursus
359 998 605 1050 paropsidem
626 999 747 1038 iussit.
805 998 1007 1038 insecutus
1036 1003 1094 1038 est
1113 998 1332 1039 lecticarius
1352 1011 1494 1051 argen-

0 1058 47 1093 515
74 1059 235 1105 tumque
250 1054 352 1094 inter
368 1055 515 1106 reliqua
531 1059 788 1106 purgamenta
801 1054 929 1106 scopis
941 1054 1266 1106 coepiteverrere.
1294 1054 1300 1108 Ι
1327 1055 1492 1095 subinde

0 1101 3 1120 ³
74 1110 318 1150 intraverunt
337 1111 413 1150 duo
435 1111 643 1163 Aethiopes
663 1110 826 1163 capillati
858 1122 947 1150 cum
979 1111 1127 1162 pusillis
1157 1111 1329 1159 utribus,
1362 1112 1493 1162 quales

73 1166 201 1206 solent
229 1179 311 1207 esse
343 1167 408 1218 qui
438 1167 623 1207 harenam
653 1167 692 1207 in
724 1166 1009 1218 amphitheatro
1040 1172 1249 1219 spargunt,
1280 1168 1492 1219 vinumque

74 1222 215 1262 dedere
235 1223 275 1262 in
296 1235 454 1271 manus3
476 1236 614 1275 aquam
637 1223 740 1263 enim
763 1235 880 1262 nemo
902 1223 1087 1274 porrexit.

22 1287 53 1321 L
182 1277 188 1333 Ι
213 1279 388 1319 laudatus
408 1286 570 1332 propter
589 1279 799 1332 elegantias
820 1279 1000 1319 dominus
1022 1280 1214 1331 ‘aequum’
1233 1280 1361 1332 inquit
1377 1279 1492 1321 ‘Mars

73 1340 184 1375 amat.
241 1335 370 1387 itaque
399 1336 490 1376 iussi
524 1349 631 1376 suam
662 1336 803 1387 cuique
832 1347 1006 1375 mensam
1042 1336 1242 1388 assignari.
1299 1337 1424 1376 obiter
1455 1342 1493 1377 et

73 1391 302 1445 putidissimi
323 1392 420 1432 servi
451 1392 642 1433 minorem
674 1392 788 1433 nobis
808 1398 956 1432 aestum
978 1392 1195 1444 frequentia
1226 1405 1294 1432 sua
1324 1393 1491 1433 facient’.

185 1448 311 1487 statim
351 1447 485 1488 allatae
523 1455 616 1488 sunt
644 1449 853 1501 amphorae
882 1448 1024 1488 vitreae
1063 1449 1267 1499 diligenter
1294 1455 1491 1501 gypsatae,

74 1515 238 1555 quarum
258 1504 297 1543 in
320 1504 535 1544 cervicibus
563 1505 718 1557 pittacia
739 1510 851 1543 erant
874 1505 986 1543 affixa
1017 1517 1106 1544 cum
1136 1505 1211 1544 hoc
1240 1505 1374 1545 titulo:
1406 1505 1491 1545 ‘Fa-

74 1558 228 1599 lernum
249 1560 497 1612 Opimianum
518 1573 712 1600 annorum
743 1560 926 1599 centum!
977 1560 1067 1600 dum
1089 1561 1223 1601 titulos
1242 1561 1491 1614 perlegimus,

73 1615 279 1667 complosit
298 1615 530 1656 Trimalchio
551 1629 689 1657 manus
719 1623 757 1656 et
783 1616 905 1656 ‘eheu’
936 1617 1063 1668 inquit
1093 1621 1198 1669 ‘ergo
1229 1618 1372 1658 diutius
1401 1618 1492 1658 vivit

26 1668 83 1725 ΙΙΙ
115 1671 245 1711 vinum
275 1684 390 1723 quam
421 1673 643 1713 homuncio.
701 1685 821 1724 quare
851 1678 1106 1724 tengomenas
1134 1674 1327 1714 faciamus.
1376 1674 1451 1714 vita
1482 1672 1488 1729 Ι

26 1727 206 1770 Lvinum
237 1734 305 1768 est.
345 1741 477 1768 verum
509 1729 756 1780 Opimianum
786 1734 952 1780 praesto.
1009 1730 1092 1768 heri
1124 1742 1203 1769 non
1235 1737 1312 1769 tam
1343 1730 1491 1770 bonum

74 1784 200 1836 posui,
221 1789 259 1824 et
277 1784 399 1824 multo
420 1785 664 1825 honestiores
689 1784 906 1824 cenabam!
945 1785 1172 1836 potantibus
1203 1797 1295 1838 ergo
1318 1786 1432 1827 uobis
1453 1793 1491 1827 et

74 1840 358 1880 accuratissime
379 1840 543 1881 lautitias
563 1841 794 1881 mirantibus
814 1841 959 1880 laruam
977 1847 1199 1893 argenteam
1215 1843 1342 1882 attulit
1356 1855 1491 1884 servus

70 1896 126 1936 sic
146 1902 326 1948 aptatam,
347 1903 392 1936 ut
411 1898 563 1937 articuli
584 1898 667 1937 eius
688 1897 965 1948 vertebraeque
986 1897 1137 1939 luxatae
1157 1899 1196 1938 in
1221 1911 1377 1939 omnem
1398 1912 1488 1952 par-

72 1957 150 1992 tem
180 1953 442 1992 flecterentur.
499 1954 600 1993 hanc
632 1966 720 1993 cum
760 1966 878 2005 super
916 1965 1089 1994 mensam
1119 1955 1239 1994 semel
1268 1955 1489 2008 iterumque

72 2007 292 2056 abiecisset,
323 2015 362 2049 et
391 2010 582 2050 catenatio
603 2010 755 2050 mobilis
775 2010 923 2061 aliquot
952 2011 1095 2061 figuras
1117 2011 1370 2063 exprimeret,
1402 2013 1490 2052 Tri-

71 2064 235 2105 malchio
256 2065 413 2104 adiecit:

211 2122 322 2160 ‘eheu
354 2134 425 2162 nos
446 2122 619 2170 miseros,
642 2134 757 2173 quam
779 2127 884 2162 totus
904 2122 1117 2162 homuncio
1140 2122 1195 2162 nil
1216 2129 1285 2163 est.

24 2181 44 2214 5
209 2177 265 2217 sic
286 2177 430 2218 erimus
450 2179 594 2225 cuncti,
615 2185 821 2230 postquam
843 2191 916 2218 nos
937 2179 1085 2219 auferet
1105 2179 1242 2219 Orcus.

266 2245 358 2285 ergo
379 2235 561 2282 vivamus,
582 2235 673 2274 dum
694 2235 784 2274 licet
804 2247 887 2274 esse
909 2234 1035 2274 bene.'

183 2288 442 2330 laudationem
471 2291 660 2330 ferculum
693 2297 751 2331 est
771 2291 991 2339 insecutum
1014 2291 1130 2343 plane
1152 2304 1232 2330 non
1254 2304 1325 2343 pro
1347 2304 1487 2344 expec-
1502 2292 1554 2333 35

73 2345 216 2385 mione
236 2357 440 2398 magnum;
463 2347 612 2387 novitas
627 2354 755 2387 tamen
772 2347 948 2387 omnium
963 2348 1154 2387 convertit
1168 2347 1314 2388 oculos.
1350 2355 1488 2389 rotun-

186 2457 201 2491 1
227 2459 388 2500 concepta
413 2457 441 2489 L
467 2458 479 2500 u
502 2459 523 2491 4
547 2458 625 2491 mihi
653 2468 718 2490 om.
737 2458 770 2490 H
786 2457 798 2502 ΙΙ
826 2459 865 2491 13
891 2457 1068 2500 obiurgare
1092 2457 1120 2490 L
1143 2458 1155 2502 ΙΙ
1183 2459 1224 2492 14
1249 2458 1487 2502 insecutusque

74 2499 104 2533 1.
123 2499 130 2542 Ι
149 2501 435 2544 supellecticarius
453 2503 593 2546 Dousass
610 2505 649 2536 15
668 2513 797 2536 verrere
810 2503 876 2544 1120
903 2503 1001 2536 iussit
1017 2503 1030 2547 υ
1046 2504 1083 2536 21
1112 2502 1287 2545 pudissimi
1312 2507 1377 2537 aut
1399 2504 1489 2547 fidis-

73 2544 225 2590 dmifl26
250 2550 469 2589 tangomenas
489 2549 496 2591 Ι
517 2547 631 2581 vinum
656 2548 726 2581 vita
752 2548 896 2581 Gom-ius
917 2547 929 2592 ΙΙ
955 2549 996 2582 28
1023 2548 1120 2581 nobis
1142 2551 1222 2591 post
1237 2549 1486 2583 accuratissime

71 2589 351 2670 (mztiesimelss
376 2595 440 2625 aut
462 2593 576 2627 attulit
600 2593 808 2627 collocatum
832 2595 870 2626 in
895 2593 994 2626 libris
1017 2591 1028 2636 ΙΙ
1052 2594 1093 2627 32
1118 2597 1155 2626 ut
1168 2593 1312 2627 Iahnius
1335 2595 1346 2638 Η
1371 2596 1410 2628 37
1437 2595 1489 2628 in-

72 2642 152 2669 uecu
168 2645 223 2670 um
247 2638 299 2670 est
