1728 2886
162 136 243 174 242
595 135 929 183 TESTAMENTVM
954 137 1156 172 PORCELLI

274 251 387 315 ‘patri
399 264 487 291 meo
506 252 671 292 Verrino
687 252 857 292 Lardino
874 253 924 292 do
941 252 1028 303 lego
1045 252 1125 291 dari
1144 252 1293 304 glandis
1309 253 1459 293 modios
1468 246 1584 300 XXX,

162 315 200 348 ct
220 308 332 348 matri
354 321 462 348 meae
483 308 694 349 Veturinae
718 310 876 349 Scrofae
901 309 951 348 do
972 309 1060 361 lego
1081 309 1163 348 dari
1184 309 1401 349 Laconicae
1421 311 1601 362 siliginis

161 365 311 405 modios
331 364 418 414 XL,
450 371 489 405 et
509 367 635 406 somri
665 374 773 406 meae
794 366 1002 414 Quirinae,
1034 366 1072 405 in
1103 366 1214 406 cuius
1233 373 1365 406 votum
1397 367 1585 407 interesse

161 436 242 462 non
263 423 386 475 potui,
409 423 458 462 (10
480 422 567 474 lego
589 423 671 462 dari
700 424 836 463 hordei
858 423 1009 462 modios
1025 422 1140 462 XXX.
1185 429 1224 462 et
1244 423 1291 463 de
1312 423 1408 463 meis
1427 423 1585 464 visceri-

161 479 234 519 bus
263 478 363 519 dabo
393 480 548 519 donabo
579 481 778 520 sutoribus
808 487 950 528 saetas,
989 480 1184 520 rixoribus
1214 480 1423 544 capitinas,
1459 480 1588 520 surdis

159 537 373 585 auriculas,
404 531 608 577 causidicis
639 544 677 577 et
705 537 881 578 verbosis
911 537 1106 589 linguam,
1142 536 1360 577 bubulariis
1389 532 1586 584 131331133,

159 594 337 634 isiciariis
363 567 533 642 lemora,
564 595 794 635 mulieribus
824 594 1035 646 lumbulos,
1065 595 1199 647 pueris
1227 594 1416 642 vesicam,
1446 594 1588 646 puellis
1637 645 1646 651 .

160 652 334 699 caudam,
356 651 529 691 cinaedis
549 652 767 700 musculos,
798 626 1035 692 cursoribus
1053 658 1091 691 et
1111 651 1362 691 venatoribus
1382 651 1501 699 talos,
1531 651 1587 690 la·
1704 656 1705 659 ’

159 708 342 748 tronibus
363 708 542 760 ungulas.
580 715 618 748 et
638 721 712 748 nec
734 709 975 748 nominando
992 720 1088 748 coco
1109 708 1236 759 legato
1258 708 1408 748 dimitto
1429 708 1585 760 popiam

160 772 199 804 et
219 765 419 818 pistillum,
450 777 551 816 quae
572 778 724 815 mecum
753 765 978 805 attuleram:
1009 766 1058 804 de
1079 765 1245 804 Tebeste
1275 777 1400 816 usque
1420 765 1466 804 ad
1489 765 1586 805 Ter-

160 829 267 875 geste
288 823 381 874 liget
402 822 475 862 sibi
497 823 641 862 collum
662 824 710 862 de
731 829 846 862 reste.
891 829 931 862 et
950 822 1037 861 volo
1057 822 1151 861 mihi
1172 822 1256 862 fieri
1285 828 1587 862 monumentum

160 880 289 920 aureis
318 879 456 919 litteris
486 880 698 932 scriptum:
730 880 792 919 ‘M.
809 879 1012 919 Grunnius
1034 879 1240 919 Corocotta
1271 879 1467 931 porcellus
1495 878 1589 918 vixit

160 937 275 977 annis
295 937 452 977 DCCCC
472 959 481 967 -
502 937 566 977 XC
588 959 597 966 -
618 937 722 977 VlIlI
742 959 750 968 ·
773 937 799 977 S
823 960 829 966 ·
853 936 959 988 quod
989 937 1022 976 si
1051 937 1251 976 semissem
1277 936 1452 985 vixisset,
1482 935 1588 975 mille

160 1007 286 1034 annos
307 994 528 1047 implesset'.
580 995 716 1048 optimi
745 1000 938 1033 amatores
959 993 1036 1033 mei
1056 993 1114 1032 vel
1136 993 1320 1036 consules
1340 993 1458 1041 vitae,
1489 1004 1587 1044 rogo
1685 1043 1688 1044 ⁷

161 1065 228 1091 vos
249 1057 293 1090 ut
322 1063 411 1091 cum
433 1064 599 1104 corpore
629 1064 716 1091 meo
738 1051 845 1091 bene·
862 1051 1029 1096 faciatis,
1060 1050 1162 1090 hene
1184 1050 1374 1090 condiatis
1405 1050 1452 1089 de
1473 1049 1589 1089 bonis
1619 1055 1655 1088 15
1675 1083 1677 1085 .
1709 1077 1711 1094 ;

160 1109 424 1149 condimentis
446 1109 595 1157 nuclei,
626 1109 774 1161 piperis
794 1114 833 1148 et
852 1108 1000 1155 mellis,
1031 1114 1074 1146 ut
1095 1119 1238 1147 nomen
1270 1119 1402 1147 meum
1424 1107 1464 1146 in
1485 1114 1587 1146 sem-
1701 1119 1703 1122 ·

160 1167 359 1218 piternum
392 1166 632 1206 nominetur.
691 1166 767 1205 mei
798 1165 947 1205 domini
976 1164 1036 1204 vel
1061 1164 1289 1204 consobrini
1321 1164 1418 1212 mei,
1450 1164 1516 1215 qui
1547 1163 1586 1203 in

162 1223 291 1263 medio
313 1228 548 1262 testamento
569 1222 817 1271 interfuistis,
838 1221 970 1262 iubete
991 1221 1162 1273 signar’i.
1218 1229 1222 1235 ⁴

274 1280 304 1319 L
307 1280 415 1319 ardio
432 1280 610 1331 signavit.
642 1280 829 1320 Osellicus
850 1278 1284 1331 signavit.Cy1ninatus
1300 1277 1477 1329 signavit.
1509 1277 1588 1316 Lu·

162 1338 323 1377 canicus
339 1337 521 1389 signavit.
557 1337 752 1389 Tergillus
772 1337 949 1388 signavit.
991 1335 1170 1375 Celsinus
1191 1335 1368 1387 signavit.
1400 1333 1590 1387 Nuptiali-
1619 1340 1657 1372 20
1676 1334 1714 1367 T*

161 1407 231 1434 cus
250 1394 427 1446 signavit.
1714 1397 1715 1400 ’

275 1451 434 1503 explicit
463 1456 738 1490 testamentum
767 1450 930 1502 porcelli
961 1449 1034 1489 sub
1065 1449 1126 1488 dic
1154 1449 1238 1488 XVI
1270 1448 1343 1488 kal.
1364 1448 1589 1488 lucerninas

164 1508 365 1548 Clibanato
386 1515 424 1547 31
445 1508 624 1561 Piperato
647 1507 877 1547 consulibus
898 1507 1074 1546 felicitei.

279 1625 293 1656 1
322 1621 443 1664 delego
467 1620 558 1663 (lego
582 1620 625 1662 B)
642 1619 654 1663 ΙΙ
673 1621 693 1653 2
718 1618 839 1662 delego
858 1617 908 1663 114
933 1617 1053 1661 delego
1078 1618 1146 1650 DH
1168 1617 1246 1660 lego
1269 1613 1310 1650 Β.
1355 1617 1480 1650 desunt
1503 1618 1589 1649 llaec

162 1670 201 1700 in
226 1667 283 1712 ΡΙΙ
300 1670 319 1701 5
343 1667 432 1700 dabo
457 1670 491 1700 31
515 1665 651 1699 donabo
676 1666 707 1698 P
725 1665 824 1698 dabo.
869 1663 964 1697 Dabo
988 1627 1032 1697 Bg
1042 1663 1129 1697 dabo
1146 1663 1179 1695 H
1197 1663 1202 1707 Ι
1222 1663 1427 1696 rixatoribus
1451 1662 1588 1695 Brassi-

163 1724 274 1747 canuc
289 1713 301 1757 ΙΙ
321 1715 341 1747 6
367 1712 542 1746 botulariis
567 1712 744 1754 Hauptius
761 1711 773 1754 ΙΙ
792 1712 811 1744 8
836 1715 871 1744 31
902 1720 969 1743 om.
995 1710 1024 1743 B
1039 1710 1051 1750 ΙΙ
1073 1711 1114 1743 10
1144 1708 1348 1742 abstuleram
1373 1708 1407 1740 D
1431 1707 1588 1741 dederam

162 1759 217 1804 131
238 1770 255 1792 3
283 1759 414 1792 tebeste
440 1759 469 1791 B
489 1759 494 1801 1
516 1760 656 1791 teri-este
682 1757 718 1790 H
737 1759 893 1790 terrestre
918 1755 1014 1789 BDP
1035 1754 1048 1799 ΙΙ
1068 1757 1104 1789 11
1140 1754 1230 1788 collo
1254 1754 1314 1798 ΡΙΙ
1337 1755 1376 1788 12
1400 1763 1441 1787 ex
1466 1753 1588 1787 litteris

162 1805 273 1838 aurcis
298 1804 351 1849 Pu
373 1803 413 1839 13
437 1804 463 1837 si
490 1804 593 1837 semis
617 1803 678 1836 BP
698 1803 724 1836 si
752 1806 890 1835 tantum
916 1801 959 1835 D.
991 1800 1065 1840 fnit
1087 1802 1258 1833 nimirum
1282 1800 1309 1832 si
1336 1799 1370 1833 S.
1388 1799 1401 1843 ΙΙ
1421 1800 1460 1833 17
1486 1798 1588 1833 modo

162 1850 288 1884 domini
315 1851 379 1883 mei
407 1851 436 1883 B
461 1851 515 1893 lq
521 1850 552 1883 ui
578 1859 654 1882 meo
680 1851 882 1882 testamento
908 1847 973 1879 BD
996 1850 1007 1889 ΙΙ
1034 1848 1075 1880 20
1102 1846 1264 1879 Celsanus
1288 1845 1360 1880 ΒΡ.
1407 1845 1501 1878 deest
1524 1846 1589 1878 Ιιοσ

161 1907 289 1929 nomen
312 1897 352 1928 in
378 1896 419 1928 H.
455 1894 607 1934 fortasse
624 1894 836 1927 Celsinianus
853 1893 866 1937 ΙΙ
884 1894 927 1927 22
948 1895 1187 1926 testamentum
1204 1902 1247 1925 13.
1262 1902 1293 1935 p.
1311 1891 1374 1924 sub
1388 1891 1428 1924 B.
1461 1893 1588 1923 omissa

163 1943 248 1975 haec
271 1943 310 1975 in
336 1942 367 1974 H

1618 770 1654 803 ιο
1667 791 1670 811 2
