1728 2886
209 129 263 169 28
813 129 1014 165 PETRONlI

210 251 280 287 est.
317 246 540 286 Staminatas
570 243 681 292 duxi,
713 250 752 284 et
779 244 897 297 plane
922 251 1050 285 matus
1069 258 1168 286 sum.
1209 245 1324 285 vinus
1343 245 1439 285 mihi
1459 244 1499 285 in
1521 252 1680 287 cere-H

210 303 325 343 brum
347 302 463 342 abiit'.

143 359 198 400 42
326 358 479 411 excepit
499 357 686 398 Seleucus
706 358 857 399 fabulae
878 363 1029 411 partem
1049 364 1088 398 et
1109 357 1207 409 ‘ego'
1227 358 1356 410 inquit
1376 360 1469 398 ‘non
1491 357 1632 397 cotidie

210 415 335 465 lavor;
357 415 525 455 baliscus
546 415 650 454 enim
673 414 767 454 fullo
789 421 857 463 est,
879 427 978 466 aqua
999 415 1136 455 dentes
1156 414 1285 462 habet,
1307 419 1346 454 et
1365 426 1434 455 cor
1453 419 1632 455 nostrum

212 472 353 512 cotidie
383 471 575 523 liquescit.
617 472 684 511 sed
715 483 804 511 cum
825 471 940 511 mulsi
969 472 1179 523 pultarium
1202 470 1368 519 obduxi,
1399 470 1535 523 frigori
1555 470 1634 510 lae·
1662 473 1683 508 5

212 528 318 568 casin
357 528 457 568 dico.
499 540 574 568 nec
610 540 703 568 sane
733 528 859 568 lavare
888 529 1019 580 potui;
1058 528 1113 567 sui
1143 528 1248 568 enim
1287 527 1403 567 hodie
1431 527 1472 567 in
1502 527 1634 567 funus.

210 585 330 625 homo
362 584 508 633 bellus,
549 591 626 624 tam
656 585 785 625 bonus
816 585 1082 637 Chrysanthus
1111 585 1279 624 animam
1309 583 1470 624 ebulliit.
1504 583 1634 631 modo,

211 641 329 682 modo
368 654 431 681 me
470 641 688 693 appellavit.
727 641 862 681 videor
891 641 984 680 mihi
1017 653 1106 681 cum
1137 641 1203 680 illo
1235 641 1356 692 loqui.
1395 640 1492 689 heu,
1523 640 1635 679 eheu.

211 704 321 739 utres
349 698 474 738 inflati
503 698 759 737 ambulamus.
799 697 962 737 minoris
990 709 1106 748 quam
1127 709 1284 737 muscae
1304 709 1458 746 sumus,
1487 708 1637 737 muscae
1699 697 1703 743 ζ

213 761 343 795 tamen
375 755 543 806 aliquam
572 754 753 793 virtutem
783 753 951 802 habent,
987 766 1060 793 nos
1091 766 1171 793 non
1202 753 1327 806 pluris
1356 765 1491 794 sumus
1521 764 1636 804 quam
1666 750 1706 808 iq

213 811 356 851 bullae.
398 817 436 851 et
466 810 559 862 quid
580 810 611 850 si
636 822 718 849 non
740 809 918 850 abstinax
947 810 1095 850 fuisset.
1136 810 1312 862 quinque
1333 809 1415 850 dies
1435 821 1575 862 aquam
1594 809 1635 849 in
1694 805 1704 898 3

215 881 258 908 os
279 879 393 908 suum
416 879 497 906 non
521 866 709 915 coniecit,
731 879 812 906 non
835 867 974 906 micam
995 867 1120 919 panis.
1160 873 1291 907 tamen
1313 866 1406 907 abiit
1425 867 1472 906 ad
1492 866 1636 919 plures.
1695 902 1703 918 ,

214 924 355 964 medici
393 924 504 963 illum
533 923 810 975 perdiderunt,
850 924 970 963 immo
1000 923 1121 975 magis
1151 923 1276 964 malus
1305 924 1427 972 fatus;
1462 923 1638 963 medicus
1695 913 1704 975 3

216 981 322 1020 enim
344 980 441 1020 nihil
461 979 564 1019 aliud
587 986 645 1020 est
675 992 790 1031 quam
810 980 929 1019 animi
960 980 1187 1020 consolatio.
1228 986 1357 1020 tamen
1389 979 1492 1020 bene
1515 979 1638 1019 elatus
1667 971 1706 1076 Δ

216 1043 294 1085 est,
325 1037 429 1077 vitali
459 1037 584 1085 lecto,
615 1037 796 1088 stragulis
826 1036 954 1077 bonis.
995 1036 1176 1088 planctus
1201 1042 1260 1077 est
1279 1037 1424 1089 optime
1443 1058 1500 1065 -—-
1519 1047 1638 1076 manu

215 1094 322 1134 misit
350 1093 498 1145 aliquot
517 1116 572 1122 —-
593 1093 709 1133 etiam
740 1093 773 1133 si
804 1093 974 1145 maligne
1005 1093 1113 1133 illum
1143 1093 1309 1146 ploravit
1337 1105 1448 1134 uxor.
1485 1091 1577 1144 quid
1606 1091 1639 1132 si

216 1163 299 1190 non
330 1150 434 1190 illam
466 1150 612 1202 optime
642 1150 868 1202 accepisset.
909 1149 977 1190 sed
997 1150 1138 1190 mulier
1159 1162 1257 1202 quae
1278 1149 1419 1190 mulier
1437 1149 1640 1189 milvinum

217 1220 355 1260 genus.
397 1207 596 1246 neminem
619 1206 715 1247 nihil
736 1207 831 1246 honi
852 1207 981 1246 facere
1002 1212 1160 1258 oportet
1168 1219 1179 1256 ;
1201 1218 1324 1259 aeque
1344 1211 1402 1246 est
1421 1206 1528 1246 enim
1547 1217 1592 1246 ac
1607 1204 1640 1245 si

218 1264 259 1303 in
281 1269 444 1316 puteum
467 1264 650 1303 conicias.
691 1264 756 1303 sed
778 1263 964 1315 antiquus
984 1275 1095 1302 amor
1114 1275 1255 1303 cancer
1275 1262 1358 1303 est'.

149 1323 204 1364 43
331 1320 519 1360 molestus
539 1320 632 1368 fuit,
663 1319 919 1371 Philerosque
940 1319 1212 1372 proclamavit:
1243 1320 1431 1359 ‘vivorum
1450 1317 1643 1358 memine-

216 1376 352 1417 rimus.
393 1377 457 1417 ille
487 1376 624 1424 habet,
655 1377 759 1427 quod
790 1376 863 1416 sibi
884 1376 1117 1416 debebatur:
1148 1377 1314 1416 honeste
1334 1375 1446 1424 vixit,
1476 1375 1641 1415 honeste

218 1433 326 1473 obiit.
368 1433 462 1485 quid
492 1432 610 1473 hahet
640 1433 745 1484 quod
765 1432 982 1484 queratur?
1012 1433 1060 1472 ab
1087 1445 1171 1473 asse
1193 1433 1312 1472 crevit
1334 1439 1373 1473 et
1393 1436 1549 1484 paratus
1569 1431 1644 1471 fuit

219 1490 475 1541 quadrantem
497 1489 545 1529 de
565 1497 739 1529 stercore
760 1489 958 1530 mordicus
973 1490 1124 1529 tollere.
1155 1490 1285 1542 itaque
1302 1489 1434 1537 crevit,
1457 1487 1642 1541 quicquid

219 1546 359 1594 crevit,
390 1553 575 1597 tanquam
606 1546 727 1586 favus.
766 1550 863 1598 puto
894 1546 1139 1586 mehercules
1168 1546 1276 1586 illum
1296 1546 1500 1598 reliquisse
1519 1544 1642 1585 solida

219 1608 401 1651 centum,
433 1609 471 1642 et
501 1602 632 1642 omnia
662 1602 703 1642 in
735 1603 906 1643 nummis
935 1603 1082 1642 habuit.
1123 1602 1170 1642 de
1201 1615 1243 1642 re
1265 1609 1393 1643 tamen
1417 1614 1490 1654 ego
1509 1612 1644 1641 verum

220 1659 357 1707 dicam,
380 1659 446 1711 qui
467 1658 642 1710 linguam
664 1659 845 1698 caninam
866 1660 1037 1699 comedi:
1071 1660 1190 1699 durae
1211 1659 1357 1699 buccae
1374 1659 1466 1707 fuit,
1486 1658 1642 1710 linguo-
1686 1688 1688 1699 2

220 1728 306 1764 sus,
329 1716 541 1760 discordia,
565 1728 645 1755 non
667 1715 799 1755 homo.
839 1716 960 1755 frater
980 1716 1064 1756 eius
1084 1716 1196 1755 fortis
1217 1716 1312 1763 fuit,
1337 1715 1485 1756 amicus
1505 1715 1642 1762 amico,
1692 1749 1696 1760 ,

219 1784 340 1812 manu
361 1772 495 1824 plena,
526 1778 645 1811 uncta
667 1784 813 1812 mensa.
854 1778 893 1812 et
912 1772 1016 1812 inter
1037 1773 1144 1812 initia
1165 1772 1304 1812 malam
1324 1783 1479 1824 parram
1498 1771 1642 1824 pilavit‚
1690 1773 1701 1831 3

220 1828 288 1868 sed
309 1828 525 1868 recorrexit
545 1834 672 1868 costas
693 1828 795 1868 illius
815 1829 940 1880 prima
955 1828 1168 1876 vindemia;
1189 1828 1361 1868 vendidit
1375 1828 1479 1868 enim
1495 1828 1642 1875 vinum,

222 1885 358 1937 quanti
387 1885 471 1937 ipse
501 1884 631 1924 voluit.
673 1891 710 1924 et
731 1886 836 1936 quod
857 1885 959 1924 illius
979 1890 1155 1925 mentum
1186 1885 1360 1933 sustulit,
1392 1884 1646 1924 hereditatem

221 1941 383 1993 accepit,
405 1953 452 1981 ex
474 1953 549 1992 qua
571 1941 658 1993 plus
677 1941 872 1989 involavit,
894 1953 1006 1992 quam
1029 1941 1082 1981 illi
1104 1941 1282 1981 relictum
1300 1946 1369 1982 est.
1401 1947 1440 1981 et
1454 1941 1517 1980 ille
1532 1941 1643 1993 stips,
1693 1958 1701 1979 μ

221 1997 313 2037 dum
335 1998 444 2037 fratri
465 2010 536 2038 suo
558 1997 758 2046 irascitur,
781 1998 912 2038 nescio
934 1998 997 2037 cui
1017 2004 1143 2038 terrae
1163 1997 1243 2037 filio
1264 1997 1544 2050 patrimonium
1565 1997 1644 2037 ele·
1684 1978 1708 2059 3

221 2054 336 2106 gavit.
376 2055 494 2106 longe
524 2054 642 2105 fugit,
674 2054 851 2105 quisquis
881 2067 973 2094 suos
1003 2054 1113 2106 fugit.
1153 2053 1289 2094 habuit
1318 2059 1448 2094 autem
1468 2053 1644 2094 oracula·
1679 2054 1702 2091 ‘'1³ss

220 2111 302 2150 rios
321 2123 475 2159 servos,
505 2110 571 2162 qui
593 2110 701 2150 illum
721 2123 879 2163 pessum
900 2111 1104 2150 dederunt.
1133 2111 1138 2163 3
1166 2122 1366 2163 nunquam
1387 2116 1517 2150 autem
1537 2115 1643 2150 recte

220 2168 358 2215 faciet,
390 2167 457 2218 qui
486 2167 563 2207 cito
594 2166 735 2215 credit,
762 2166 768 2219 3
795 2167 930 2218 utique
951 2167 1067 2206 homo
1090 2167 1306 2219 negotians.
1346 2174 1477 2207 tamen
1508 2178 1643 2207 verum

223 2225 327 2276 quod
350 2224 522 2264 frunitus
543 2229 620 2271 est,
642 2235 757 2275 quam
778 2223 843 2263 diu
866 2224 958 2263 vixit
1217 2224 1280 2263 cui
1300 2225 1432 2264 datum
1454 2228 1533 2272 est,
1560 2235 1642 2263 non

223 2281 287 2320 cui
318 2281 571 2321 destinatum.
608 2280 724 2332 plane
746 2279 942 2319 Fortunae
963 2279 1084 2328 filius,
1115 2280 1155 2319 in
1177 2292 1296 2320 manu
1317 2280 1419 2320 illius
1438 2279 1643 2332 plumbum
1684 2309 1686 2315 .

223 2349 361 2377 aurum
393 2337 521 2376 tiebat.
562 2336 674 2376 facile
695 2342 754 2376 est
774 2342 924 2385 autem,
940 2336 1008 2376 ubi
1030 2337 1159 2376 omnia
1182 2338 1365 2389 quadrata
1388 2342 1564 2376 currunt.
1605 2341 1644 2376 et
1684 2342 1701 2386 [3.

224 2399 321 2444 quot
340 2399 453 2445 putas
474 2393 583 2433 illum
604 2405 730 2433 annos
750 2405 884 2433 secum
904 2392 1068 2433 tulisse?
1091 2394 1337 2446 septuaginta
1357 2399 1395 2434 et
1414 2405 1543 2445 supra.
1573 2391 1643 2433 sed
1685 2385 1701 2423 ἕ

1679 2422 1701 2546 3

338 2540 358 2571 4
382 2538 574 2572 balaniscus
587 2537 796 2580 Heinesiusll
816 2540 834 2573 8
853 2538 920 2582 hey
941 2541 993 2572 est
1006 2538 1073 2582 hey
1092 2539 1104 2580 33
1123 2539 1162 2572 18
1179 2537 1320 2571 feminae
1333 2538 1404 2571 Iac.
1419 2536 1691 2582 Gronovius!

227 2585 267 2618 19
291 2583 422 2616 anticus
448 2583 706 2624 Hirschfeldius
723 2583 736 2627 33
754 2585 796 2618 20
820 2583 972 2636 philetos
994 2583 1052 2627 qui
1049 2549 1089 2627 y33
1115 2584 1157 2617 28
1190 2585 1289 2616 uncta
1322 2583 1421 2626 plena
1440 2582 1453 2623 33
1469 2583 1511 2617 30
1536 2591 1641 2626 quan-

224 2632 293 2662 tum
311 2627 323 2672 33
343 2629 384 2662 33
410 2629 606 2662 oricularios
623 2628 806 2662 Reinesius
824 2628 836 2673 33
854 2630 895 2663 36
921 2629 974 2662 cui
998 2628 1114 2662 datum
1139 2630 1200 2670 est,
1225 2627 1340 2662 datum
1365 2631 1419 2662 est
1430 2626 1642 2661 Mum-lema
1698 2637 1701 2640 ⁴

1675 2549 1701 2798 3

1670 2800 1701 2886 3
