1728 2886
657 131 843 166 SATIRAE
1406 133 1457 171 73

97 265 114 283 t:
139 259 212 286 nos
232 252 448 286 extremum
470 246 669 286 solacium.
710 259 819 286 nunc
839 247 1004 288 mimicis
1025 247 1174 288 artibus
1194 247 1305 299 petiti
1324 260 1460 288 sumus

72 320 80 350 ,ς
89 302 316 344 adumbrata
338 303 596 355 inscriptione
617 302 761 342 derisi'.

22 362 77 410 ἔμ’
143 359 298 399 volebat
327 359 559 411 Tryphaena
589 359 786 406 misereri,
824 360 915 411 quia
956 373 1036 400 non
1068 366 1190 400 totam
1219 361 1457 412 voluptatem

4 439 5 442 =
128 415 270 464 iderat,
300 416 366 455 sed
389 415 528 454 Lichas
547 427 699 454 memor
728 415 854 455 adhuc
873 416 1005 456 uxoris
1026 424 1234 469 corruptae
1255 422 1460 457 contume-

128 484 260 523 mque,
282 484 378 523 quas
397 472 437 511 in
460 471 639 511 Herculis
659 472 814 523 porticu
835 478 1051 524 acceperat,
1072 473 1228 512 turbato
1251 474 1461 513 vehemen-

20 527 109 575 rflus
128 529 233 568 vultu
255 528 490 580 proclamat:
513 528 620 568 ‘deos
641 528 879 568 immortales
899 541 1032 569 rerum
1053 530 1313 569 humanarum
1345 542 1460 581 agere

27 583 175 636 iuram,
195 591 304 637 puto,
325 584 559 633 intellexisti,
582 597 605 623 ο
626 584 870 637 Tryphaena.
912 597 1001 624 nam
1031 585 1301 637 imprudentes
1323 586 1462 626 noxios

27 638 73 685 in
103 647 282 681 nostrum
313 641 502 681 induxere
524 641 740 693 navigium,
771 647 810 681 et
831 641 923 693 quid
945 642 1149 690 fecissent,
1171 642 1462 682 admonuerunt

20 698 115 755 ‘pari
133 698 377 738 somniorum
399 710 608 738 consensu.
649 698 699 737 ita
719 697 817 745 vide,
839 705 882 737 ut
901 698 1025 750 possit
1054 698 1128 738 illis
1157 699 1330 750 ignosci,
1362 711 1462 750 quos

24 754 78 797 .(1
97 766 266 807 poenam
296 753 380 806 ipse
411 755 507 794 deus
537 754 707 794 deduxit.
766 754 871 805 quod
902 756 947 794 ad
979 767 1041 794 me
1071 755 1228 804 attinet,
1261 768 1344 795 non
1374 768 1462 795 sum

29 810 212 859 erudelis,
235 811 300 850 sed
323 823 368 850 ve
371 822 473 858 reor,
496 823 546 850 ne
568 811 673 862 quod
695 811 896 859 remisero,
919 811 1067 863 patiar'.
1098 817 1175 851 tam
1191 811 1460 863 superstitiosa

25 867 208 908 oratione
239 867 470 919 T1ypl1aena
508 873 654 906 mutata
694 873 811 918 negat
851 880 892 907 se
923 868 1175 919 interpellare
1210 868 1460 920 supplicium,

29 923 148 965 mmo
168 923 354 963 accedere
386 924 500 963 etiam
531 923 763 963 iustissimae
795 924 946 963 ultioni.
987 937 1060 964 nec
1089 937 1130 964 se
1161 925 1293 964 minus
1321 925 1460 977 grandi

30 986 203 1020 vexatam
224 980 364 1019 iniuria
381 991 498 1031 quam
509 980 682 1027 Licham,
704 980 815 1019 cuius
835 981 997 1031 pudoris
1019 980 1187 1032 dignitas
1208 982 1248 1020 in
1271 982 1457 1021 contione

30 1037 248 1089 proscripta
268 1036 319 1075 sit

733 1094 756 1119 *

143 1151 241 1195 ‘me‚
266 1154 307 1187 ut
327 1155 443 1199 puto,
464 1148 664 1188 hominem
687 1161 767 1188 non
789 1149 988 1200 ignotum,
1011 1149 1217 1200 elegerunt
1237 1149 1282 1188 ad
1305 1149 1379 1189 hoc
1401 1151 1459 1188 of-

29 1203 161 1245 ficium
192 1201 393 1260 [legatum]
426 1205 724 1256 petieruntque,
766 1212 810 1244 ut
846 1218 887 1245 se
922 1206 1219 1245 reconciliarem
1250 1206 1459 1257 aliquando

31 1260 282 1301 amicissimis.
324 1261 398 1300 nisi
429 1262 531 1300 forte
560 1262 704 1313 putatis
733 1261 894 1301 iuvenes
923 1274 1015 1302 casu
1046 1262 1085 1302 in
1110 1263 1178 1302 has
1207 1262 1341 1314 plagas
1360 1262 1460 1302 inci-

30 1316 146 1365 disse,
176 1329 264 1357 cum
287 1317 416 1357 omnis
436 1323 569 1357 vector
589 1318 686 1357 nihil
708 1318 817 1370 prius
838 1325 1017 1370 quaerat,
1040 1331 1158 1370 quam
1179 1319 1291 1359 cuius
1311 1332 1354 1359 se
1374 1319 1461 1358 dili-

29 1374 184 1426 guntiae
203 1373 348 1413 credat.
388 1374 531 1414 flectite
551 1387 646 1426 ergo
676 1381 830 1414 mentes
849 1375 1114 1415 satisfactione
1135 1375 1293 1423 lenitas,
1324 1382 1363 1415 et
1391 1388 1460 1427 pa-

30 1429 157 1471 timini
187 1430 331 1470 liberos
360 1431 540 1471 homines
569 1431 626 1470 ire
662 1431 748 1471 sine
777 1432 940 1479 iniuria,
981 1444 1060 1483 quo
1098 1432 1308 1472 destinant.
1358 1432 1460 1472 saevi

33 1497 190 1539 quoque
220 1487 563 1550 implacabilesque
593 1487 741 1527 domini
770 1488 1042 1527 crudelitatem
1080 1501 1190 1528 suam
1229 1489 1460 1540 impediunt,

28 1541 65 1583 ἀ
83 1543 240 1594 quando
262 1543 501 1595 paenitentia
523 1543 703 1595 fugitivos
724 1544 890 1592 reduxit,
912 1550 950 1584 et
971 1544 1162 1585 dediticiis
1179 1545 1360 1585 hostibus
1370 1557 1460 1597 par-

32 1598 168 1641 cimus.
209 1599 303 1663 quid
332 1600 433 1639 ultra
463 1599 593 1651 petitis
623 1607 687 1639 aut
718 1601 810 1652 quid
843 1599 986 1640 vultis?
1016 1601 1055 1640 in
1087 1608 1303 1654 conspectu
1335 1606 1462 1642 vestro

24 1655 228 1708 supplices
247 1656 376 1695 iacent
396 1656 556 1696 iuvenes
572 1656 748 1707 ingenui,
769 1657 936 1705 honesti,
958 1663 996 1696 et
1012 1658 1116 1721 quod
1134 1664 1303 1710 utroque
1319 1664 1462 1710 poten-

19 1707 110 1752 ’11113
139 1718 218 1759 est,
250 1712 504 1752 familiaritate
526 1713 634 1752 vobis
654 1713 861 1764 aliquando
884 1714 1097 1753 coniuncti.
1156 1715 1188 1755 si
1219 1714 1462 1754 mehercules

25 1762 342 1809 'intervertissent
362 1769 570 1821 pecuniam
592 1777 778 1817 vestram,
810 1771 841 1809 si
864 1771 978 1809 fidem
1000 1771 1224 1822 proditione
1245 1771 1463 1819 laesissent,

31 1823 163 1867 otiari
182 1831 312 1865 tamen
335 1826 560 1877 potuissetis
581 1826 651 1865 hac
674 1838 822 1877 poena,
853 1838 970 1878 quam
998 1827 1147 1867 videtis.
1187 1828 1342 1868 servitia
1369 1840 1461 1867 ecce

30 1878 78 1921 ‘n
104 1881 301 1940 frontibus
338 1882 500 1922 cernitis
537 1888 575 1921 et
612 1882 740 1922 vultus
770 1883 967 1934 ingenuos
995 1883 1214 1923 voluntaria
1243 1896 1462 1936 poenarum

32 1935 118 1989 lege
146 1932 414 1990 proscriptos'
462 1938 724 1990 interpellavit
753 1940 1069 1991 deprecationem
1109 1940 1291 1992 supplicii
1321 1941 1462 1980 Lichas

35 1997 75 2034 σί
91 1993 197 2035 ‘noli’
218 1994 346 2046 inquit
366 1999 535 2034 ‘causam
557 1995 815 2043 confundere,
837 1996 935 2035 sed'
926 2009 1086 2048 impone
1107 1997 1272 2048 singulis
1289 1997 1460 2036 modum.

34 2056 83 2090 κ
107 2050 275 2103 primum
306 2051 505 2099 omnium,
536 2051 568 2091 si
598 2052 701 2091 ultro
731 2058 946 2100 venerunt,
978 2065 1049 2092 cur
1070 2053 1266 2092 nudavere
1286 2053 1463 2093 crinibus

35 2105 190 2158 opita?
220 2107 365 2147 vultum
397 2108 502 2147 enim
533 2108 600 2159 qui
621 2114 836 2160 permutat,
868 2109 1044 2148 fraudem
1076 2116 1209 2160 parat,
1241 2122 1321 2149 non
1353 2110 1463 2150 satis-

35 2160 254 2204 udonem.
305 2164 468 2211 deinde,
507 2164 539 2204 si
569 2164 733 2216 gratiam
763 2177 783 2203 a
814 2165 942 2216 legato
974 2165 1256 2214 moliebantur,
1289 2166 1382 2217 quid
1412 2167 1464 2206 ita

35 2219 164 2260 unia
193 2220 334 2269 fecisti,
366 2227 409 2259 ut
438 2233 538 2272 quos
569 2221 759 2269 tuebaris,
791 2220 1084 2262 absconderes?
1115 2234 1161 2262 ex
1193 2235 1271 2274 quo
1301 2229 1465 2275 apparet

37 2283 129 2322 {uu
148 2276 330 2316 incidisse
351 2277 490 2317 noxios
510 2278 549 2317 in
573 2277 705 2329 plagas
726 2284 764 2317 et
785 2284 824 2317 te
845 2284 966 2318 artem
985 2278 1194 2329 quaesisse,
1212 2291 1289 2330 qua
1306 2285 1464 2319 nostrae

36 2330 378 2373 animadversionis
415 2333 603 2386 impetum
634 2334 825 2374 eluderes.
886 2347 974 2374 nam
1015 2335 1120 2386 quod
1158 2335 1340 2375 invidiam
1370 2336 1466 2376 facis

37 2386 150 2429 nobis
170 2388 364 2440 ingenuos
383 2390 650 2441 honestosque
671 2391 887 2438 clamando,
905 2391 1000 2438 vide,
1019 2404 1069 2430 ne
1089 2391 1325 2432 deteriorem
1345 2392 1462 2432 facias

9 2447 11 2450 ⁴
37 2444 271 2499 confidentia
289 2457 455 2487 causam.
500 2447 593 2499 quid
615 2446 762 2486 debent
781 2447 873 2487 laesi
894 2448 1034 2496 facere,
1064 2447 1131 2487 uhi
1152 2448 1208 2488 rei
1229 2449 1276 2488 ad
1292 2461 1460 2502 poenam

149 2579 170 2613 9
193 2579 299 2623 prosit
317 2579 330 2622 11
349 2582 390 2614 14
414 2582 550 2614 conieci
573 2579 682 2624 pudor
705 2583 739 2613 et
757 2580 770 2624 ss
789 2583 829 2615 16
858 2582 1092 2623 praemissum
1115 2581 1301 2626 Eumolpus
1323 2583 1327 2626 Ι
1349 2583 1459 2626 ingra-

41 2625 110 2659 (U
133 2622 315 2669 notamen
332 2626 375 2659 30
401 2625 564 2669 supplicis
582 2625 594 2669 fl
613 2627 656 2660 34
675 2629 764 2668 puto
790 2626 930 2669 gratiam
955 2630 991 2660 te
1015 2626 1128 2689 legato

1493 1152 1575 1191 107
