1728 2886
642 134 828 170 SATIRAE
1399 132 1452 172 63

19 250 163 305 ιπερὶ.
202 250 266 290 ille
298 255 339 289 ut
369 261 411 290 se
440 252 482 289 in
513 249 720 302 grabatum
751 249 888 290 reiecit
916 248 1089 301 viditque
1111 249 1253 289 Gitona
1284 248 1322 289 in
1356 261 1453 289 con-

19 311 156 363 φοοῑιι
177 307 478 354 ministrantem,
499 307 618 346 mov-it
639 312 756 358 caput
786 312 823 345 et
845 305 987 345 laudo’
1008 306 1138 357 inquit
1159 305 1452 358 ‘Ganymedem

21 369 175 418 sportet
195 363 312 403 hodie
331 363 434 402 bene
464 362 538 403 sit'.
581 375 661 402 non
685 362 889 402 delectavit
918 375 981 402 me
1011 368 1088 402 tam
1121 362 1321 402 curiosum
1342 362 1453 414 prin-

19 420 164 473 apium
185 420 389 471 timuique,
411 431 461 459 ne
482 419 522 458 in
545 418 853 459 contubernium
882 419 1118 470 recepissem
1139 419 1284 471 Ascylti
1305 431 1453 470 parem.

18 474 136 521 instat
155 476 386 528 Eumolpus,
408 480 447 515 et
475 487 564 515 cum
595 487 696 527 puer
725 475 779 514 illi
810 475 1013 527 potionem
1036 475 1225 522 dedisset,
1258 476 1371 515 ‘malo
1402 475 1453 515 te’

0 532 147 585 ,inquit
166 536 297 584 ‘quam
319 532 502 572 balneum
522 531 661 571 totum'
682 531 908 584 siccatoque
938 532 1046 572 avide
1075 531 1220 583 poculo
1242 538 1360 583 negat
1380 532 1454 572 sibi

19 600 193 642 unquam
214 589 363 629 acidius
383 588 514 628 fuisse.
556 591 660 628 ‘nam
681 594 720 627 et
749 589 842 628 dum
865 587 983 628 lavor’
1014 588 1067 627 ait
1097 592 1234 639 ‘paene
1264 588 1453 640 vapulavi,

19 646 109 699 quia
139 652 305 685 conatus
334 658 421 685 sum
452 645 554 684 circa
585 644 726 685 solium
756 644 987 685 sedentibus
1017 657 1175 684 carmen
1197 644 1384 692 recitare,
1415 651 1454 684 et

19 708 225 756 postquam
246 702 294 742 de
315 702 456 742 balneo
486 707 672 753 tanquam
704 702 751 741 de
782 702 932 741 theatro
965 701 1113 741 eiectus
1142 713 1253 749 sum,
1285 701 1453 741 circuire

19 770 158 799 omnes
177 759 342 811 angulos
363 758 476 810 coepi
498 763 537 797 et
567 758 668 797 clara
698 770 793 798 voce
815 758 1036 810 Encolpion
1067 757 1279 797 clamitare.
1319 770 1367 798 ex
1397 758 1453 797 al-

18 820 102 856 tera
132 821 244 868 parte
274 815 426 855 iuvenis
455 815 603 862 nudus,
635 814 702 866 qui
731 815 959 854 vestimenta
990 814 1236 866 perdiderat,
1267 827 1349 854 non
1379 815 1452 854 mi-

22 883 117 912 nore
155 872 338 912 clamoris
367 871 638 923 indignatione
669 871 811 911 Gitona
849 870 1058 923 flagitabat.
1119 876 1158 911 et
1194 883 1257 910 me
1294 871 1452 922 quidem

20 928 132 981 pueri
170 934 355 980 tanquam
395 928 577 967 insanum
616 927 832 967 imitatione
868 927 1178 979 petulantissima
1216 927 1453 975 deriserunt,

21 983 127 1025 illum
156 990 284 1024 autem
316 984 538 1035 frequentia
567 984 710 1035 ingens
740 984 996 1023 circumvenit
1026 997 1115 1024 cum
1147 984 1287 1036 plausu
1318 991 1356 1024 et
1385 985 1453 1024 ad-

20 1040 226 1083 miratione
256 1040 512 1080 timidissima.
579 1039 749 1079 habebat
788 1041 894 1079 enim
932 1040 1141 1092 inguinum
1180 1040 1337 1092 pondus
1375 1046 1453 1080 tam

21 1098 181 1150 grande,
203 1103 246 1137 ut
266 1097 391 1149 ipsum
414 1097 613 1136 hominem
635 1096 815 1136 laciniam
838 1096 974 1137 fascini
996 1097 1191 1136 crederes.
1233 1110 1255 1136 ο
1271 1096 1452 1137 iuvenem

21 1153 276 1196 laboriosum:
298 1160 395 1206 puto
416 1152 523 1192 illum
546 1153 670 1204 pridie
691 1153 880 1205 incipere,
902 1158 1062 1205 postero
1079 1153 1142 1193 die
1163 1154 1289 1193 finire.
1321 1154 1453 1205 itaque

20 1210 146 1251 statim
176 1210 325 1250 invenit
354 1209 562 1258 auxilium;
596 1209 729 1249 nescio
762 1210 850 1261 quis
880 1209 1005 1258 enim,
1036 1222 1159 1262 eques
1179 1210 1380 1250 Romanus
1409 1216 1453 1250 ut

21 1266 174 1309 aiebant
192 1267 369 1315 infamis,
390 1278 459 1306 sua
481 1271 586 1306 veste
608 1272 806 1306 errantem
829 1266 1086 1306 circumdedit
1116 1279 1161 1306 ac
1191 1267 1351 1307 domum
1383 1266 1452 1306 ab·

19 1322 147 1373 duxit,
178 1324 315 1371 credo,
347 1328 391 1362 ut
409 1330 487 1362 tam
510 1334 650 1374 magna
671 1323 831 1362 fortuna
860 1323 967 1363 solus
996 1329 1188 1363 uteretur.
1228 1330 1267 1363 at
1296 1335 1369 1387 ego
1402 1336 1452 1363 ne

20 1391 104 1421 mea
124 1379 280 1432 quidem
300 1379 530 1419 vestimenta
552 1379 600 1419 ab
622 1379 800 1419 officioso
821 1381 970 1420 custode
991 1380 1241 1444 recepissem,
1272 1379 1348 1420 nisi
1379 1393 1452 1419 no-

19 1441 143 1478 torem
164 1436 370 1477 dedissem.
412 1442 522 1475 tanto
543 1436 665 1486 magis
686 1436 871 1488 expedit
862 1436 1024 1488 inguina
1046 1449 1164 1488 quam
1194 1437 1352 1488 ingenia
1383 1437 1452 1476 fri-

19 1492 119 1538 care'
121 1523 131 1532 .
151 1493 247 1532 haec
258 1492 452 1544 Eumolpo
473 1492 628 1532 dicente
650 1492 847 1532 mutabam
868 1505 941 1544 ego
958 1493 1273 1545 frequentissime
1289 1493 1452 1541 vultum,

18 1547 171 1591 iniuriis
191 1549 340 1590 scilicet
370 1548 519 1588 inimici
550 1548 626 1588 mei
658 1548 802 1597 hilaris,
826 1549 1041 1590 commodis
1071 1549 1207 1590 tristis.
1248 1555 1451 1602 utcunque

16 1609 158 1652 umen,
176 1612 363 1658 tanquam
386 1618 466 1644 non
483 1617 738 1656 agnoscerem
755 1605 938 1654 fabulam,
959 1606 1063 1646 tacui
1080 1612 1119 1646 et
1134 1618 1256 1646 cenae
1272 1606 1452 1646 ordinem

17 1662 188 1715 explicui

726 1731 747 1756 *

131 1775 214 1814 ‘vile
237 1780 306 1822 est,
328 1774 433 1825 quod
455 1774 557 1821 licet,
588 1779 627 1813 et
646 1773 800 1813 animus
822 1786 957 1814 errore
978 1774 1109 1815 lentus
1130 1774 1293 1816 iniurias
1313 1774 1450 1827 diligit.
1465 1774 1520 1815 93

285 1831 365 1870 ales
385 1830 581 1870 Phasiacis
602 1830 722 1882 petita
743 1830 898 1870 Colchis

286 1893 403 1939 atque
423 1887 538 1926 Afrae
559 1886 736 1926 volucres
757 1887 915 1939 placent
935 1887 1077 1939 palato,

285 1944 389 1995 quod
412 1956 492 1983 non
514 1948 608 1983 sunt
627 1943 778 1983 faciles:
801 1949 839 1982 at
860 1942 970 1984 albus
991 1956 1109 1983 anser

283 2006 323 2040 et
342 2000 457 2052 pictis
478 2012 573 2040 anas
589 2006 773 2040 renovata
794 2000 938 2052 pennis

286 2056 484 2109 plebeium
504 2056 616 2108 sapit.
657 2056 804 2096 ultimis
824 2055 872 2096 ab
894 2055 973 2096 oris

283 2118 468 2153 attractus
488 2124 624 2153 scarus
641 2119 759 2165 atque
778 2118 882 2152 arata
905 2113 1028 2165 Syrtis

286 2170 317 2209 si
340 2169 432 2221 quid
454 2170 659 2221 naufragio
680 2169 798 2217 dedit,
821 2168 1031 2221 probatur:

283 2226 428 2266 mullus
449 2226 526 2266 iam
547 2226 673 2278 gravis
694 2232 764 2266 est.
806 2226 927 2265 amica
948 2226 1069 2265 vincit

284 2295 462 2322 uxorem.
501 2295 590 2323 rosa
611 2283 837 2322 cinnamum
859 2288 1027 2322 veretur.

285 2339 471 2391 quicquid
493 2339 706 2391 quaeritur,
728 2339 919 2392 optimum
940 2337 1118 2378 videtur.’

130 2393 217 2434 ‘hoc
237 2395 308 2435 est'
329 2396 488 2448 inquam
511 2396 628 2447 ‘quod
650 2396 899 2447 promiseras,
931 2407 981 2434 ne
1002 2406 1119 2446 quem
1150 2393 1265 2434 hodie
1296 2405 1449 2434 versum
1463 2394 1518 2434 94

34 2448 194 2490 aceres?
214 2463 287 2504 per
307 2453 435 2500 fidem,
458 2452 593 2492 saltem
616 2452 733 2492 nobis
764 2464 895 2504 parce,
918 2451 985 2503 qui
1006 2456 1044 2490 te
1076 2462 1280 2502 nunquam
1303 2450 1448 2503 lapida-

130 2584 209 2618 sat
224 2584 237 2629 ΙΙ
255 2586 299 2620 24
322 2585 430 2619 nostri
458 2584 698 2619 Tornaesiana
715 2584 728 2629 ΙΙ
747 2586 788 2619 27
815 2585 918 2619 errori
942 2585 1094 2619 intentus
1118 2586 1255 2619 conieci
1279 2584 1349 2630 [131
1375 2585 1449 2618 avis

104 2627 245 2671 legium.
291 2633 403 2664 metro
428 2633 592 2664 eom-enit
613 2630 792 2673 ingravata
