1728 2886
252 144 301 184 11
308 147 332 185 0
872 151 1074 187 PETRONII

945 266 995 305 Vb

362 332 541 372 Boethius
571 335 612 373 in
634 333 894 386 Porphyrium
913 348 937 375 a
962 334 1150 376 Victorino
1188 337 1422 379 translatum
1451 339 1599 391 dialogo
1638 338 1680 380 11

248 394 417 428 eaetremo
445 402 484 441 p.
515 387 569 430 45
599 391 875 443 eaemnplorium
912 392 1203 434 Basiliensium:
1240 406 1312 446 ego
1349 394 1506 444 faciam,
1537 396 1679 448 inquit,

249 443 520 485 libentissime.
561 447 628 486 sed
650 448 835 499 quoniam
857 449 932 488 iam
954 450 1188 499 matutinus,
1220 457 1264 490 ut
1294 451 1346 491 ait
1367 451 1596 501 Petronius,
1617 453 1675 493 sol

247 501 360 542 tectis
389 503 540 552 arrisit,
583 516 789 556 surgamus
820 511 858 544 et
886 506 918 546 si
940 506 1034 557 quid
1057 513 1114 547 est
1135 506 1243 555 illud,
1266 507 1511 561 diligentiore
1541 515 1678 562 postea

246 558 563 600 consideratione
585 561 816 601 tractabitur

357 636 510 676 fortasse
534 642 740 682 emer-ptum
763 650 808 672 ew
832 630 1046 673 lzeoec'zmetris
1069 641 1136 674 iam
1152 641 1339 676 matutinus
1355 641 1459 676 rutilo
1476 642 1528 677 sol
1546 643 1677 677 lumine

246 682 344 716 tectis
369 683 481 716 arrisit

916 763 998 806 Vl*

356 830 579 883 Fulyentius
598 831 876 885 mytholoyicon
897 833 920 874 I
934 848 972 887 p.
992 831 1049 874 23
1070 835 1290 876 Munckeri:
1313 837 1442 877 nescis
1462 867 1472 876 .
1490 867 1498 877 .
1518 867 1527 876 .
1550 849 1676 889 quan-

243 893 324 926 tum
356 888 514 928 satiram
545 895 747 930 matronae
787 891 1013 931 formident.
1071 891 1162 932 licet
1202 893 1410 934 mulierum
1439 894 1676 936 verbialibus

242 944 358 984 undis
381 950 420 984 et
441 946 625 986 causidici
646 947 787 987 cedant
808 960 883 988 nec
903 949 1146 1000 grammatici
1169 950 1372 999 muniant,
1394 951 1529 992 rhetor
1549 957 1674 992 taceat

241 1007 279 1040 et
299 1001 510 1042 clamorem
533 1015 675 1055 praeco
707 1011 953 1057 compescat,
985 1005 1066 1046 sola
1102 1011 1160 1046 est
1195 1019 1297 1059 quae
1326 1008 1485 1048 modum
1506 1008 1674 1061 imponit

240 1058 475 1108 furentibus,
498 1059 588 1099 licet
610 1061 847 1101 Petroniana
869 1062 985 1102 subet
1006 1062 1168 1102 Albucia

904 1174 1002 1215 Vll*

351 1240 577 1294 Fulgentius
605 1242 882 1295 mytholoyicon
915 1243 978 1283 ΙΙΙ
1002 1242 1031 1284 8
1060 1257 1100 1297 p.
1123 1242 1205 1284 124
1235 1244 1304 1285 ubi
1330 1257 1464 1286 sucum
1492 1245 1672 1297 myrrhae

237 1297 344 1337 valde
363 1298 560 1349 fervidum
589 1311 664 1339 esse
684 1300 805 1340 dimit:
836 1300 942 1340 unde
963 1307 1001 1340 et
1022 1301 1232 1341 Petronius
1253 1301 1411 1342 Arbiter
1430 1302 1478 1342 ad
1498 1301 1670 1357 libidinis

235 1354 568 1395 concitamentum
589 1356 835 1408 myrrhinum
856 1370 897 1398 se
918 1358 1105 1410 poculum
1125 1358 1269 1398 bibisse
1290 1359 1412 1399 refert

350 1431 397 1472 cf.
422 1433 593 1466 adnotata
615 1444 652 1476 p.
680 1436 731 1474 16,
757 1435 777 1468 8

891 1525 1009 1565 V111*

346 1592 570 1645 Fulgentius
600 1595 641 1633 in
662 1596 897 1647 ompositione
925 1593 1157 1646 Viryilianae
1187 1597 1438 1636 concinentiae
1463 1609 1503 1649 p.
1527 1593 1610 1637 156
1629 1608 1668 1636 s:

233 1649 456 1689 Tricerberi
488 1655 617 1690 autem
640 1650 808 1690 fabulam
831 1651 907 1690 iam
929 1651 1111 1703 superius
1147 1652 1401 1704 exposuimus
1430 1653 1470 1692 in
1507 1653 1666 1693 modum

232 1706 347 1759 iurgii
381 1707 628 1759 forensisque
649 1707 760 1760 litigii
781 1708 961 1761 positam.
1003 1709 1108 1748 unde
1139 1714 1177 1748 et
1199 1708 1409 1749 Petronius
1430 1709 1470 1750 in
1491 1709 1664 1750 Euscion

231 1763 283 1802 ait
306 1763 513 1804 ‘Cerberus
534 1762 703 1805 forensis
725 1771 807 1804 erat
829 1765 1059 1805 causidicus'

886 1889 989 1929 Vllll
1000 1889 1021 1911 ’¹‘

343 1956 565 2008 Fulyentius
585 1960 627 1998 in
646 1960 882 2011 «impositione
900 1971 1118 1999 sermonum
1142 1955 1391 2010 antiquorum
1404 1971 1441 2011 p.
1455 1955 1540 1999 565
1558 1957 1665 2000 Mer-

228 2016 323 2053 ceri.-
353 2014 545 2053 ferculum
577 2014 718 2055 dicitur
747 2016 888 2056 missus
919 2015 1109 2055 carnium.
1161 2015 1264 2054 unde
1295 2019 1334 2054 et
1355 2014 1564 2056 Petronius
1586 2017 1664 2056 Ar-

230 2070 329 2110 biter
349 2071 401 2110 ait
422 2074 643 2122 ‘postquam
664 2072 856 2112 ferculum
877 2072 1031 2112 allatum
1054 2071 1125 2111 est'

905 2195 973 2235 X*

339 2262 561 2315 Fulyencius
581 2263 717 2303 ibidem
732 2277 771 2316 p.
781 2260 865 2304 565
884 2276 923 2303 s:
952 2263 1073 2315 valgia
1103 2275 1195 2303 vero
1216 2268 1310 2303 sunt
1328 2261 1560 2303 labellorum
1583 2262 1656 2302 ob-

225 2320 416 2360 tortiones
438 2321 477 2358 in
499 2320 915 2372 supinationefactae.
955 2320 1057 2361 sicut
1086 2326 1125 2360 et
1156 2320 1367 2360 Petronius
1398 2320 1451 2360 ait
1482 2319 1657 2360 ‘obtorto

226 2376 388 2427 valgiter
409 2375 562 2416 labello'

898 2465 980 2507 XI*

336 2533 559 2586 Fulyentius
580 2535 716 2575 ibidem
732 2549 771 2588 p.
793 2532 900 2576 566.-
945 2535 1142 2575 alucinare
1172 2534 1434 2574 dicitur-*vana
1453 2533 1655 2582 somniari,

221 2595 388 2629 tractum
419 2590 466 2630 ab
488 2591 659 2640 alucitis‚
691 2604 790 2643 quos
812 2604 885 2632 nos
905 2604 1079 2644 conopas
1108 2591 1284 2631 dicimus.
1330 2590 1433 2631 sicut
1452 2596 1491 2630 et
1519 2590 1654 2632 Petro·

221 2647 309 2687 nius
331 2646 487 2687 Arbiter
508 2648 559 2687 ait
581 2652 685 2688 ‘nam
707 2648 1031 2689 contubernalem
1053 2648 1216 2688 alucitae
1238 2646 1508 2688 molestabant’
