1728 2886
217 125 270 164 70
824 124 1028 160 PETRONII

211 246 364 293 posset,
396 241 429 280 si
459 252 532 292 per
561 239 673 278 aliam
705 244 859 290 partem
890 239 997 279 navis
1027 240 1118 291 fuga
1139 245 1418 291 quaereretur:
1450 251 1558 279 nunc
1577 251 1652 292 per

209 298 387 350 puppim,
409 309 482 348 per
501 297 585 348 ipsa
606 295 874 346 gubernacula
890 295 1153 336 delabendum
1171 301 1242 343 est,
1264 308 1285 335 a
1302 308 1471 348 quorum
1487 296 1651 348 regione
1679 339 1681 341 ,

211 354 316 394 funis
346 352 569 400 descendit,
601 353 668 404 qui
698 353 864 405 scaphae
895 352 1111 393 custodiam
1142 358 1262 392 tenet.
1322 358 1525 405 praeterea
1555 352 1650 393 illud
1685 353 1687 355 ’

209 410 350 456 miror,
391 409 582 461 Encolpi,
614 409 684 449 tibi
715 422 797 449 non
829 410 1094 457 succurrisse,
1126 421 1251 448 unum
1283 414 1441 449 nautam
1472 409 1652 450 stationis

209 473 425 518 perpetuae
456 466 629 506 interdiu
659 471 862 518 noctuque
893 466 1019 506 iacere
1050 466 1088 505 in
1122 466 1286 517 scapha,
1318 478 1394 507 nec
1421 478 1538 518 posse
1558 465 1651 506 inde

209 523 412 563 custodem
445 523 521 563 nisi
550 528 617 562 aut
646 523 764 562 caede
796 523 938 575 expelli
968 528 1034 562 aut
1064 522 1315 574 praecipitari
1341 522 1503 563 viribus·
1543 523 1650 574 quod
1674 521 1686 572 f

209 592 257 619 an
290 580 375 620 fieri
415 579 562 631 possit,
602 579 843 631 interrogate
881 579 1081 629 audaciam
1121 585 1303 619 vestram.
1344 591 1434 619 nam
1466 579 1572 631 quod
1601 579 1650 619 ad
1676 579 1686 606 7

207 648 339 676 meum
376 636 535 688 quidem
575 636 806 675 comitatum
846 636 1006 684 attinet,
1049 636 1198 676 nullum
1240 648 1382 676 recuso
1416 636 1649 688 periculum,
1682 659 1686 677 ;

208 693 314 744 quod
345 693 480 733 salutis
510 705 623 744 spem
654 692 838 732 ostendit.
881 705 973 732 nam
1003 693 1089 732 sine
1121 705 1237 733 causa
1260 692 1446 744 [quidem]
1467 692 1649 744 spiritum
1680 732 1684 734 ,

207 756 394 801 tanquam
427 761 511 788 rem
542 761 704 788 vacuam
733 749 964 801 impendere
996 762 1046 789 ne
1066 762 1135 790 vos
1156 749 1315 801 quidem
1337 749 1516 790 existimo
1537 749 1647 790 velle.

206 807 343 854 videte,
367 805 560 857 numquid
582 805 657 845 hoc
677 805 847 857 placeat:
871 818 944 857 ego
961 819 1030 846 vos
1051 806 1090 845 in
1114 806 1210 847 duas
1226 806 1300 845 iam
1318 806 1439 858 pelles
1455 806 1648 847 coniciam
1682 858 1685 861 Δ

205 863 438 914 vinctosque
468 862 564 902 loris
595 862 699 902 inter
728 863 958 903 vestimenta
990 875 1062 915 pro
1093 863 1260 903 sarcinis
1289 862 1464 911 habebo,
1504 863 1649 916 apertis
1684 914 1685 917 Ἴ

204 919 353 959 scilicet
382 919 630 970 aliquatenus
660 918 800 967 labris,
831 919 975 971 quihus
1006 925 1044 959 et
1074 919 1255 971 spiritum
1286 920 1464 972 recipere
1490 919 1649 972 possitis
1676 922 1691 971 ᾖ

206 982 244 1015 et
274 975 418 1016 cibum.
467 975 724 1016 conclamabo
754 976 895 1016 deinde
926 982 1043 1016 nocte
1073 989 1207 1017 servos
1237 988 1405 1030 poenam
1428 976 1646 1028 graviorem
1676 983 1679 987 '

205 1032 391 1072 timentes
420 1032 700 1084 praecipitasse
730 1045 772 1073 se
804 1032 843 1072 in
876 1045 995 1073 mare.
1043 1033 1186 1073 deinde
1215 1046 1306 1073 cum
1337 1039 1497 1073 ventum
1528 1034 1647 1073 fuerit

204 1089 244 1128 in
275 1095 456 1141 portum,
487 1089 573 1129 sine
604 1089 679 1129 ulla
710 1089 936 1141 suspicione
967 1101 1040 1141 pro
1072 1091 1238 1130 sarcinis
1263 1103 1333 1130 vos
1354 1089 1540 1130 efferam!
1581 1090 1644 1130 ‘ita

202 1145 308 1185 vero'
330 1146 492 1197 inquam
514 1157 586 1197 ego
602 1149 801 1197 ‘tanquam
823 1146 971 1186 solidos
992 1146 1231 1198 alligaturus,
1253 1146 1399 1199 quibus
1419 1159 1500 1186 non
1523 1146 1646 1187 soleat
1677 1174 1684 1195 3

203 1207 340 1242 venter
378 1202 560 1242 iniuriam
602 1200 761 1242 facere?
812 1214 861 1242 an
893 1209 1080 1254 tanquam
1111 1217 1179 1244 eos
1209 1204 1277 1255 qui
1307 1209 1531 1244 sternutare
1562 1216 1642 1244 non
1681 1203 1683 1218 ⁵

202 1259 398 1299 soleamus
430 1271 505 1298 nec
535 1258 731 1298 stertere?
761 1272 809 1299 an
834 1259 924 1311 quia
944 1260 1020 1300 hoc
1041 1272 1168 1311 genus
1187 1261 1281 1300 furti
1302 1260 1424 1301 semel
1445 1257 1564 1315 [mea]
1585 1261 1643 1300 fe·
1674 1263 1675 1266 ’

204 1315 331 1355 liciter
351 1314 496 1356 cessit?
526 1315 594 1356 sed
616 1316 722 1366 finge
743 1328 822 1355 una
844 1316 906 1356 die
925 1316 1080 1356 vinctos
1100 1330 1217 1369 posse
1239 1318 1400 1357 durare:
1423 1317 1518 1369 quid
1533 1329 1644 1370 ergo,

203 1372 236 1412 si
267 1372 412 1412 diutius
442 1378 508 1412 aut
539 1372 802 1423 tranquillitas
834 1385 907 1413 nos
937 1374 1110 1413 tenuerit
1139 1380 1205 1414 aut
1226 1375 1382 1414 adversa
1403 1372 1644 1426 tempestas?

204 1429 296 1480 quid
328 1428 469 1468 facturi
499 1427 665 1469 sumus?
694 1435 821 1469 vestes
854 1442 1012 1481 quoque
1042 1430 1187 1471 diutius
1208 1431 1358 1471 vinctas
1377 1443 1475 1483 ruga
1496 1443 1644 1471 consu·
1679 1447 1680 1450 ¹

202 1485 294 1532 mit,
327 1491 365 1524 et
395 1485 554 1524 chartae
580 1485 756 1537 alligatae
778 1491 931 1525 mutant
951 1487 1128 1538 figuram.
1170 1487 1331 1527 iuvenes
1352 1488 1478 1528 adhuc
1498 1487 1644 1528 laboris

201 1548 382 1593 expertes
402 1548 622 1582 statuarum
643 1541 721 1582 ritu
742 1542 939 1594 patiemur
957 1555 1114 1595 pannos
1134 1550 1172 1583 et
1193 1544 1320 1584 vincla
1330 1542 1363 1583 ‘P’

912 1613 935 1637 *
1712 1629 1713 1632 ,

315 1653 455 1694 ‘adhuc
476 1654 633 1706 aliquod
657 1655 731 1695 iter
751 1655 886 1696 salutis
908 1656 1178 1707 quaerendum
1200 1662 1271 1696 est.
1312 1655 1506 1708 inspicite,
1535 1656 1643 1708 quod
1673 1683 1675 1685 »
1708 1683 1710 1694 ;

199 1723 274 1762 ego
306 1710 451 1750 inveni.
492 1711 712 1763 Eumolpus
733 1718 919 1764 tanquam
940 1713 1144 1753 literarum
1164 1713 1364 1754 studiosus
1383 1713 1520 1765 utique
1539 1719 1643 1754 atra·
1677 1739 1679 1742 <

199 1773 377 1806 mentum
415 1767 544 1807 habet.
594 1768 670 1808 hoc
702 1781 797 1820 ergo
828 1769 1002 1809 remedio
1032 1775 1230 1810 mutemus
1260 1770 1413 1810 colores
1442 1781 1463 1809 a
1493 1770 1642 1823 capillis

199 1836 326 1875 usque
355 1823 403 1863 ad
434 1836 602 1876 ungues.
643 1824 695 1863 ita
725 1832 912 1876 tanquam
942 1826 1043 1866 servi
1071 1826 1283 1878 Aethiopes
1314 1832 1353 1866 et
1381 1832 1539 1879 praesto
1569 1826 1640 1868 tihi

199 1880 347 1920 erimus
377 1880 463 1920 sine
493 1887 786 1921 tormentorum
818 1882 960 1922 iniuria
991 1883 1152 1930 hilares,
1185 1890 1223 1922 et
1253 1889 1476 1935 permutato
1507 1883 1640 1923 colore
1677 1926 1680 1928 ,

199 1936 450 1988 imponemus
480 1937 676 1977 inimicis.'
716 1937 912 1990 ‘quidni?'
942 1939 1073 1991 inquit
1092 1939 1208 1979 Giton
1241 1939 1370 1979 ‘etiam
1402 1940 1640 1981 circumcide
1677 1987 1679 1990 ¹

199 2006 292 2041 nos,
314 1999 358 2033 ut
378 1993 510 2033 ludaei
530 1993 743 2043 videamur,
767 2001 806 2034 et
827 1996 1023 2047 pertunde
1045 2008 1173 2045 aures,
1195 2002 1238 2035 ut
1258 1997 1457 2037 imitemur
1478 1996 1639 2046 Arabes,
1671 2027 1674 2028 γ

199 2057 238 2089 et
268 2050 420 2089 increta
449 2050 590 2099 facies,
622 2058 666 2091 ut
696 2064 789 2092 suos
810 2051 934 2092 Gallia
955 2052 1057 2093 cives
1078 2058 1208 2105 putet:
1240 2059 1427 2105 tanquam
1447 2053 1511 2094 hic
1532 2054 1640 2095 solus
1676 2076 1688 2092 μ

198 2106 310 2146 color
339 2107 505 2158 figuram
536 2107 659 2159 possit
687 2115 913 2160 pervertere
934 2115 973 2149 et
994 2122 1076 2149 non
1098 2109 1220 2149 multa
1240 2122 1319 2149 una
1340 2115 1523 2163 oporteat
1541 2122 1639 2151 con·
1671 2115 1681 2144 ἕ

197 2163 373 2203 sentiant
393 2161 449 2218 [et
470 2161 569 2217 non]
591 2164 744 2204 ratione
759 2196 769 2212 ,
790 2172 835 2205 ut
854 2166 1102 2206 mendacium
1125 2172 1293 2206 constet.
1338 2173 1432 2219 puta
1452 2167 1639 2208 infectam
1675 2199 1677 2202 Α

199 2220 458 2260 medicamine
478 2220 619 2260 faciem
640 2221 787 2261 diutius
807 2222 951 2262 durare
972 2235 1108 2275 posse;
1139 2224 1245 2275 finge
1267 2235 1342 2263 nec
1361 2235 1485 2275 aquae
1505 2235 1638 2276 asper·
1660 2252 1663 2253 ν
1707 2227 1709 2231 ’

197 2276 332 2327 ginem
362 2276 635 2329 imposituram
656 2278 826 2330 aliquam
847 2279 1006 2331 corpori
1028 2280 1240 2329 maculam,
1272 2292 1347 2320 nec
1367 2286 1512 2321 vestem
1534 2287 1638 2320 atra·
1673 2329 1674 2332 Ἴ

198 2339 334 2372 mento
364 2333 619 2374 adhaesuram
633 2365 643 2383 ‚
677 2335 781 2386 quod
802 2336 1034 2387 frequenter
1053 2336 1169 2376 etiam
1192 2349 1274 2376 non
1296 2337 1487 2378 accersito
1507 2338 1637 2377 ferru-
1672 2356 1677 2380 ,-

198 2389 304 2428 mine
321 2389 517 2441 infigitur:
536 2403 619 2442 age,
631 2391 820 2444 numquid
838 2398 878 2432 et
892 2392 998 2432 labra
1015 2405 1226 2445 possumus
1240 2399 1396 2434 tumore
1411 2394 1637 2434 taeterrimo
1673 2431 1675 2434 .

200 2444 395 2497 implere?
435 2448 625 2498 numquid
657 2454 697 2488 et
726 2449 856 2489 crines
885 2449 1107 2490 calamistro
1138 2448 1400 2490 convertere?
1446 2449 1638 2503 numquid
1667 2498 1670 2502 ,

314 2535 333 2567 3
358 2536 584 2568 scribendum
609 2536 771 2580 scapham
797 2540 891 2572 tenet
921 2537 933 2580 ΙΙ
959 2540 1000 2573 19
1025 2537 1179 2572 Menelao
1198 2538 1343 2572 feliciter
1366 2539 1515 2572 Iahnius
1547 2539 1561 2583 ΙΙ
1591 2540 1636 2574 30
1665 2535 1671 2566 -’

199 2578 285 2622 quid
310 2583 346 2612 tu
375 2578 619 2614 Tornaesiana
637 2581 649 2625 ΙΙ
669 2583 713 2617 34
726 2583 880 2616 natione:
905 2585 942 2616 ut
971 2584 1063 2618 omni
1082 2584 1212 2618 ratione
1235 2583 1449 2618 mendacium
1464 2584 1638 2630 Gratim}
1658 2619 1660 2622 ,
1703 2600 1705 2602 ·

196 2626 245 2658 37
271 2634 359 2668 quae
383 2627 417 2657 et
441 2626 483 2659 38
508 2625 656 2660 inficitur
680 2627 896 2662 Munekerus
