1728 2886
225 123 280 162 98
839 122 1038 158 PETRONH

396 245 512 290 atque
534 238 683 278 urbana
705 239 870 286 Procne,
891 250 991 289 quae
1012 239 1159 279 circum
1180 240 1356 291 gramina
1377 241 1484 281 fusae
1660 248 1687 282 l.

397 307 441 334 ac
461 295 599 335 molles
620 295 738 336 violas
758 302 877 335 cantu
897 309 966 336 sua
987 296 1090 335 furta
1110 296 1293 336 colebant

931 368 951 390 *

340 408 544 461 premebat
573 409 636 449 illa
666 409 837 449 resoluta
858 410 1084 450 marmoreis
1105 409 1323 450 cervicibus
1343 422 1504 451 aureum
1525 417 1653 451 torum

228 472 435 519 myrtoque
455 466 611 506 florenti
633 466 809 518 quietum
939 466 1193 506 verberabat.
1234 467 1363 519 itaque
1394 474 1437 507 ut
1467 480 1528 508 me
1548 468 1653 516 vidit,

228 522 429 574 paululum
451 522 633 570 eruhuit,
667 523 796 563 heste1
800 536 872 563 nae
893 523 1070 563 scilicet
1061 524 1227 563 iniuriae
1257 536 1430 573 memor;
1452 524 1592 565 deinde
1613 532 1656 565 ut
1684 529 1693 560 ἔ

226 580 388 620 remotis
418 579 603 620 omnibus
633 581 849 620 secundum
882 580 1109 635 invitantem
1140 580 1322 629 consedi,
1354 593 1506 621 ramum
1536 594 1656 635 super

227 636 364 677 oculos
393 649 502 677 meos
532 637 684 689 posuit,
716 643 754 676 et
785 637 894 688 quasi
924 637 1073 688 pariete
1104 637 1310 677 interiecto
1341 639 1526 678 audacior
1555 639 1655 679 facta

226 694 331 745 ‘quid
353 693 423 734 est’
445 694 574 745 inquit
594 692 845 745 ‘paralytiee?
882 694 1021 745 ecquid
1044 694 1159 733 hodie
1180 700 1286 734 totus
1306 694 1485 746 venisti?’
1517 694 1655 747 ‘rogas’

224 750 385 814 inquam
406 763 478 802 ego
497 750 639 802 ‘potius
656 762 773 801 quam
789 756 978 814 temptas.
965 748 996 778 ‘l'
1019 755 1178 802 totoque
1192 763 1359 803 corpore
1376 751 1416 791 in
1434 752 1654 804 amplexum

225 807 308 846 eius
330 807 526 847 immissus
547 819 626 846 non
650 807 911 858 praecantatis
931 819 1056 858 usque
1078 807 1125 846 ad
1145 808 1361 847 satietatem
1382 808 1526 849 osculis
1546 810 1656 849 fruor
1688 812 1696 845 1

931 879 950 901 *

116 979 195 1020 132
346 974 351 1030 Ι
378 976 462 1028 ipsa
483 976 660 1029 corporis
681 976 974 1028 pulchritudine
1003 989 1066 1016 me
1097 976 1143 1016 ad
1163 990 1205 1017 se
1227 982 1390 1017 vocante
1409 977 1588 1018 trahebat
1607 979 1651 1018 ad
1681 985 1697 1018 ι

226 1045 421 1072 venerem.
463 1033 538 1072 iam
560 1032 740 1085 pluribus
761 1033 905 1074 osculis
926 1033 1058 1074 collisa
1078 1033 1185 1073 labra
1207 1034 1464 1086 crepitabant,
1485 1035 1560 1075 iam
1581 1035 1655 1075 im·

226 1090 380 1142 plicitae
402 1102 540 1130 manus
561 1103 678 1130 omne
699 1102 824 1142 genus
845 1091 987 1130 amoris
1008 1091 1259 1139 invenerant,
1291 1092 1367 1131 iam
1396 1091 1549 1144 alligata
1569 1103 1656 1132 mu-

226 1152 293 1186 tuo
315 1146 463 1187 ambitu
487 1159 652 1200 corpora
675 1147 893 1187 animarum
915 1160 1073 1199 quoque
1094 1148 1302 1188 mixturam
1324 1148 1498 1189 fecerant

931 1219 951 1242 :k

339 1317 554 1357 manifestis
592 1322 769 1357 matrona
808 1318 1055 1358 contumeliis
1094 1317 1292 1357 verberata
1331 1317 1487 1358 tandem
1519 1318 1566 1358 ad
1598 1319 1656 1358 ul·
1687 1323 1698 1356 1

227 1373 375 1414 tionem
398 1373 572 1413 decurrit
592 1380 782 1425 vocatque
813 1375 1074 1415 cubicularios
1105 1380 1142 1413 et
1172 1386 1233 1413 me
1262 1374 1372 1414 iubet
1401 1374 1654 1415 catomidiari.

226 1442 300 1469 nec
321 1436 506 1470 contenta
524 1431 662 1470 mulier
678 1437 754 1470 tam
773 1432 877 1483 gravi
894 1432 1035 1471 iniuria
1052 1443 1137 1471 mea
1154 1438 1344 1471 convocat
1359 1444 1498 1472 omnes
1513 1433 1656 1484 quasil-

224 1486 337 1526 larias
352 1487 598 1539 familiaeque
614 1488 916 1528 sordidissimam
933 1495 1082 1540 partem
1104 1500 1148 1527 ac
1170 1501 1231 1527 me
1253 1489 1418 1540 conspui
1435 1488 1554 1529 iubet.
1585 1501 1656 1541 op-

225 1556 331 1595 pono
363 1555 436 1595 ego
467 1556 607 1585 manus
638 1544 762 1585 oculis
793 1545 915 1593 meis,
952 1545 1148 1596 nullisque
1179 1545 1312 1585 effusis
1342 1545 1544 1597 precibus,
1566 1546 1655 1597 quia

224 1600 395 1640 sciebam
417 1601 508 1652 quid
530 1601 781 1649 meruissem,
802 1602 1030 1642 verberibus
1050 1601 1254 1653 sputisque
1274 1602 1433 1642 obrutus
1463 1608 1571 1642 extra
1601 1603 1656 1642 ia-
1685 1607 1700 1640 2

226 1669 343 1697 nnam
365 1657 513 1698 eiectus
532 1671 631 1698 sum.
673 1658 812 1698 eicitur
839 1665 878 1699 et
897 1659 1143 1706 Proselenos,
1175 1658 1330 1712 Chrysis
1351 1659 1525 1711 vapulat,
1557 1665 1657 1699 tota-

226 1726 301 1765 que
323 1714 462 1754 familia
485 1715 605 1755 tristis
625 1715 728 1755 inter
748 1728 790 1756 se
810 1722 958 1756 mussat
988 1715 1240 1767 quaeritque,
1272 1715 1359 1767 quis
1389 1715 1570 1756 dominae
1597 1716 1656 1756 hi—

225 1771 416 1810 laritatem
439 1772 663 1812 confuderit

910 1833 913 1837 '
930 1830 951 1853 *

338 1884 467 1935 itaque
489 1885 660 1936 pensatis
682 1884 830 1924 vicibus
850 1885 1064 1925 animosior
1082 1884 1291 1924 verberum
1322 1890 1435 1925 notas
1454 1891 1537 1926 arte
1559 1898 1655 1926 con-

226 1941 315 1987 texi,
340 1953 390 1980 ne
410 1947 476 1980 aut
496 1940 714 1993 Eumolpus
735 1941 973 1981 contumelia
993 1953 1076 1981 mea
1108 1941 1270 1981 hilarior
1291 1942 1403 1982 fieret
1422 1947 1488 1982 aut
1508 1942 1657 1983 tristior
1685 1946 1701 1979 2

225 1997 357 2037 Giton.
385 1997 390 2047 Ι
419 1998 522 2049 quod
555 1998 680 2037 solum
712 1998 831 2050 igitur
861 1998 964 2038 salvo
1002 1998 1152 2051 pudore
1182 2004 1382 2050 poteram,
1424 1999 1706 2052 contingerent

226 2055 455 2106 languorem
478 2055 675 2102 simulavi,
698 2055 957 2107 conditusque
988 2055 1131 2095 lectulo
1153 2060 1277 2094 totum
1301 2055 1430 2107 ignem
1452 2057 1596 2097 furoris
1615 2057 1655 2097 in

225 2123 308 2150 eam
331 2111 525 2159 converti,
549 2124 647 2163 quae
669 2112 762 2151 mihi
785 2112 959 2151 omnium
980 2112 1172 2151 malorum
1195 2124 1309 2152 causa
1331 2113 1478 2152 fuerat:
1514 2120 1517 2123 '

395 2174 453 2207 ter
474 2169 648 2221 corripui
670 2168 883 2208 terribilem
905 2181 1022 2208 manu
1046 2168 1272 2220 bipennem,

396 2231 456 2264 ter
476 2225 698 2277 languidior
718 2225 874 2265 coliculi
895 2232 1058 2278 repente
1079 2226 1212 2278 thyrso
1686 2237 1702 2270 3

397 2283 544 2322 ferrum
567 2282 690 2328 timui,
713 2281 818 2333 quod
839 2282 992 2334 trepido
1015 2282 1113 2322 male
1134 2281 1247 2321 dabat
1270 2294 1397 2322 usum.

399 2351 471 2378 nec
492 2339 567 2378 iam
590 2345 779 2391 poteram,
803 2339 906 2390 quod
929 2339 1045 2378 modo
1068 2339 1265 2378 conticere
1287 2338 1449 2388 libebat;

341 2450 359 2482 2
386 2454 420 2482 et
444 2450 565 2483 molles
590 2450 728 2494 aliquot
745 2450 828 2483 libri
847 2450 852 2490 Ι
874 2460 935 2484 sua
961 2460 1037 2484 sura
1063 2453 1128 2483 aut
1153 2460 1225 2483 rura
1245 2450 1257 2494 ΙΙ
1275 2452 1296 2484 4
1312 2453 1491 2495 myrtaque
1507 2450 1519 2494 ΙΙ
1539 2453 1557 2485 7
1576 2459 1657 2484 suos

228 2494 253 2526 L
271 2495 282 2537 Η
306 2496 339 2528 11
366 2497 598 2536 praemissum
623 2495 805 2539 Encolpius
831 2495 872 2529 de
899 2495 1108 2539 Endymione
1133 2505 1238 2538 puero
1265 2495 1277 2539 ΙΙ
1305 2498 1345 2530 15
1371 2495 1572 2530 exacerbata
1597 2507 1657 2529 ecc-

222 2543 341 2581 pectas
358 2539 368 2582 Ι,
395 2542 431 2573 16
457 2544 654 2583 catorogare
671 2541 682 2584 ΙΙ
703 2542 745 2575 22
767 2542 886 2584 potius
911 2540 991 2584 quid
1009 2540 1021 2584 ΙΙ
1039 2541 1082 2575 26
1109 2543 1242 2584 poterat
1267 2541 1317 2574 L:
1342 2539 1536 2584 confingere
1560 2543 1658 2575 vetus
1699 2566 1701 2570 .

224 2585 428 2617 emendator·
458 2586 469 2628 ΙΙ
498 2587 538 2619 ’27
565 2586 723 2620 simulare
749 2586 847 2630 coepi
872 2586 900 2619 L
930 2586 942 2630 11
975 2587 1014 2620 31
1042 2587 1178 2620 tremuit
1204 2586 1291 2619 liber
1315 2597 1337 2619 a
1358 2585 1540 2629 Scaliger-o
1565 2596 1657 2620 com-

222 2633 433 2663 memoratus
