<?xml version="1.0" encoding="UTF-8"?>
<!DOCTYPE html PUBLIC "-//W3C//DTD XHTML 1.0 Transitional//EN"
    "http://www.w3.org/TR/xhtml1/DTD/xhtml1-transitional.dtd">
<html xmlns="http://www.w3.org/1999/xhtml" xml:lang="en" lang="en">
 <head>
  <title>
</title>
<meta http-equiv="Content-Type" content="text/html;charset=utf-8" />
  <meta name='ocr-system' content='tesseract 3.04.00' />
  <meta name='ocr-capabilities' content='ocr_page ocr_carea ocr_par ocr_line ocrx_word'/>
</head>
<body>
  <div class='ocr_page' id='page_1' title='image "./satiraeetliberpr00petruoft_0025.png"; bbox 0 0 1780 2892; ppageno 0'>
   <div class='ocr_carea' id='block_1_1' title="bbox 674 156 1503 204">
    <p class='ocr_par' dir='ltr' id='par_1_1' title="bbox 674 156 1503 204">
     <span class='ocr_line' id='line_1_1' title="bbox 674 156 1503 204; baseline 0.002 -2"><span class='ocrx_word' id='word_1_1' title='bbox 674 156 678 159; x_wconf 72' lang='grc'><strong><em>’</em></strong></span> <span class='ocrx_word' id='word_1_2' title='bbox 712 167 896 203; x_wconf 73' lang='grc' dir='ltr'><strong>εΑΤιΒΑΕ</strong></span> <span class='ocrx_word' id='word_1_3' title='bbox 1452 165 1503 204; x_wconf 83' lang='grc'>21</span> 
     </span>
    </p>
   </div>
   <div class='ocr_carea' id='block_1_2' title="bbox 45 280 1576 381">
    <p class='ocr_par' dir='ltr' id='par_1_2' title="bbox 45 280 1576 381">
     <span class='ocr_line' id='line_1_2' title="bbox 45 280 1506 336; baseline -0.003 -12"><span class='ocrx_word' id='word_1_4' title='bbox 45 282 78 316; x_wconf 75' lang='grc' dir='ltr'><em>Η</em></span> <span class='ocrx_word' id='word_1_5' title='bbox 95 283 246 324; x_wconf 87' lang='lat' dir='ltr'>berent.</span> <span class='ocrx_word' id='word_1_6' title='bbox 287 283 423 323; x_wconf 85' lang='lat' dir='ltr'>‘Iliada</span> <span class='ocrx_word' id='word_1_7' title='bbox 453 289 491 322; x_wconf 91' lang='lat' dir='ltr'>et</span> <span class='ocrx_word' id='word_1_8' title='bbox 520 282 727 335; x_wconf 85' lang='lat' dir='ltr'>Odyssian’</span> <span class='ocrx_word' id='word_1_9' title='bbox 748 282 875 333; x_wconf 90' lang='lat' dir='ltr'>inquit</span> <span class='ocrx_word' id='word_1_10' title='bbox 898 280 905 336; x_wconf 77' lang='grc' dir='ltr'>Ι</span> <span class='ocrx_word' id='word_1_11' title='bbox 933 284 996 321; x_wconf 88' lang='lat' dir='ltr'>‘ac</span> <span class='ocrx_word' id='word_1_12' title='bbox 1026 281 1207 321; x_wconf 80' lang='lat' dir='ltr'><strong>Laenatis</strong></span> <span class='ocrx_word' id='word_1_13' title='bbox 1236 280 1506 333; x_wconf 86' lang='lat' dir='ltr'>gladiatorium</span> 
     </span>
     <span class='ocr_line' id='line_1_3' title="bbox 92 338 1576 381; baseline -0.003 -1"><span class='ocrx_word' id='word_1_14' title='bbox 92 339 262 380; x_wconf 68' lang='lat' dir='ltr'>munus!</span> <span class='ocrx_word' id='word_1_15' title='bbox 301 352 381 379; x_wconf 90' lang='lat' dir='ltr'>non</span> <span class='ocrx_word' id='word_1_16' title='bbox 402 338 543 379; x_wconf 81' lang='lat' dir='ltr'>licebat</span> <span class='ocrx_word' id='word_1_17' title='bbox 561 338 782 378; x_wconf 82' lang='lat' dir='ltr'><strong>multaciam</strong></span> <span class='ocrx_word' id='word_1_18' title='bbox 803 338 1051 378; x_wconf 89' lang='lat' dir='ltr'>considerare</span> <span class='ocrx_word' id='word_1_19' title='bbox 1523 340 1576 381; x_wconf 86' lang='lat'>30</span> 
     </span>
    </p>
   </div>
   <div class='ocr_carea' id='block_1_3' title="bbox 0 450 1580 2471">
    <p class='ocr_par' dir='ltr' id='par_1_3' title="bbox 0 450 1580 2471">
     <span class='ocr_line' id='line_1_4' title="bbox 29 450 1509 504; baseline -0.003 -10"><span class='ocrx_word' id='word_1_20' title='bbox 29 460 87 496; x_wconf 78' lang='lat' dir='ltr'>HL</span> <span class='ocrx_word' id='word_1_21' title='bbox 207 464 279 491; x_wconf 89' lang='lat' dir='ltr'>nos</span> <span class='ocrx_word' id='word_1_22' title='bbox 305 452 311 504; x_wconf 87' lang='grc' dir='ltr'>Ι</span> <span class='ocrx_word' id='word_1_23' title='bbox 338 452 412 491; x_wconf 91' lang='lat' dir='ltr'>iam</span> <span class='ocrx_word' id='word_1_24' title='bbox 433 452 479 491; x_wconf 91' lang='lat' dir='ltr'>ad</span> <span class='ocrx_word' id='word_1_25' title='bbox 500 450 711 490; x_wconf 91' lang='lat' dir='ltr'>triclinium</span> <span class='ocrx_word' id='word_1_26' title='bbox 731 461 1045 502; x_wconf 80' lang='lat' dir='ltr'>perveneramus,</span> <span class='ocrx_word' id='word_1_27' title='bbox 1066 450 1107 489; x_wconf 95' lang='lat' dir='ltr'>in</span> <span class='ocrx_word' id='word_1_28' title='bbox 1129 450 1239 490; x_wconf 89' lang='lat' dir='ltr'>cuius</span> <span class='ocrx_word' id='word_1_29' title='bbox 1259 457 1368 502; x_wconf 88' lang='lat' dir='ltr'>parte</span> <span class='ocrx_word' id='word_1_30' title='bbox 1384 450 1509 502; x_wconf 87' lang='lat' dir='ltr'>prima</span> 
     </span>
     <span class='ocr_line' id='line_1_5' title="bbox 23 506 1508 561; baseline -0.001 -13"><span class='ocrx_word' id='word_1_31' title='bbox 23 551 27 554; x_wconf 65' lang='grc'><strong>,</strong></span> <span class='ocrx_word' id='word_1_32' title='bbox 94 514 326 561; x_wconf 89' lang='lat' dir='ltr'>procurator</span> <span class='ocrx_word' id='word_1_33' title='bbox 341 508 510 548; x_wconf 89' lang='lat' dir='ltr'>rationes</span> <span class='ocrx_word' id='word_1_34' title='bbox 525 506 750 559; x_wconf 83' lang='lat' dir='ltr'>accipiebat.</span> <span class='ocrx_word' id='word_1_35' title='bbox 781 512 819 546; x_wconf 89' lang='lat' dir='ltr'>et</span> <span class='ocrx_word' id='word_1_36' title='bbox 833 507 938 558; x_wconf 92' lang='lat' dir='ltr'>quod</span> <span class='ocrx_word' id='word_1_37' title='bbox 954 506 1163 558; x_wconf 82' lang='lat' dir='ltr'>praecipue</span> <span class='ocrx_word' id='word_1_38' title='bbox 1180 507 1340 546; x_wconf 85' lang='lat' dir='ltr'>miratus</span> <span class='ocrx_word' id='word_1_39' title='bbox 1355 519 1455 555; x_wconf 90' lang='lat' dir='ltr'>sum,</span> <span class='ocrx_word' id='word_1_40' title='bbox 1468 507 1508 546; x_wconf 93' lang='lat' dir='ltr'>in</span> 
     </span>
     <span class='ocr_line' id='line_1_6' title="bbox 47 562 1508 618; baseline -0.001 -14"><span class='ocrx_word' id='word_1_41' title='bbox 47 571 66 604; x_wconf 88' lang='lat'>5</span> <span class='ocrx_word' id='word_1_42' title='bbox 94 563 273 618; x_wconf 89' lang='lat' dir='ltr'>postibus</span> <span class='ocrx_word' id='word_1_43' title='bbox 302 564 459 604; x_wconf 85' lang='lat' dir='ltr'>triclinii</span> <span class='ocrx_word' id='word_1_44' title='bbox 487 564 610 603; x_wconf 84' lang='lat' dir='ltr'>fasces</span> <span class='ocrx_word' id='word_1_45' title='bbox 630 569 742 603; x_wconf 90' lang='lat' dir='ltr'>erant</span> <span class='ocrx_word' id='word_1_46' title='bbox 760 575 850 602; x_wconf 90' lang='lat' dir='ltr'>cum</span> <span class='ocrx_word' id='word_1_47' title='bbox 869 562 1076 603; x_wconf 87' lang='lat' dir='ltr'>securibus</span> <span class='ocrx_word' id='word_1_48' title='bbox 1094 563 1171 611; x_wconf 81' lang='lat' dir='ltr'>fixi,</span> <span class='ocrx_word' id='word_1_49' title='bbox 1202 575 1370 614; x_wconf 90' lang='lat' dir='ltr'>quorum</span> <span class='ocrx_word' id='word_1_50' title='bbox 1390 575 1508 602; x_wconf 91' lang='lat' dir='ltr'>unam</span> 
     </span>
     <span class='ocr_line' id='line_1_7' title="bbox 94 618 1511 673; baseline -0.001 -13"><span class='ocrx_word' id='word_1_51' title='bbox 94 626 244 673; x_wconf 90' lang='lat' dir='ltr'>partem</span> <span class='ocrx_word' id='word_1_52' title='bbox 266 621 375 672; x_wconf 87' lang='lat' dir='ltr'>quasi</span> <span class='ocrx_word' id='word_1_53' title='bbox 395 620 590 660; x_wconf 88' lang='lat' dir='ltr'>embolum</span> <span class='ocrx_word' id='word_1_54' title='bbox 612 620 719 659; x_wconf 90' lang='lat' dir='ltr'>navis</span> <span class='ocrx_word' id='word_1_55' title='bbox 738 631 904 659; x_wconf 90' lang='lat' dir='ltr'>aeneum</span> <span class='ocrx_word' id='word_1_56' title='bbox 923 618 1095 667; x_wconf 86' lang='lat' dir='ltr'>finiebat,</span> <span class='ocrx_word' id='word_1_57' title='bbox 1117 619 1158 658; x_wconf 92' lang='lat' dir='ltr'>in</span> <span class='ocrx_word' id='word_1_58' title='bbox 1181 631 1258 670; x_wconf 92' lang='lat' dir='ltr'>quo</span> <span class='ocrx_word' id='word_1_59' title='bbox 1280 625 1362 658; x_wconf 90' lang='lat' dir='ltr'>erat</span> <span class='ocrx_word' id='word_1_60' title='bbox 1381 619 1511 670; x_wconf 89' lang='lat' dir='ltr'>scrip-</span> 
     </span>
     <span class='ocr_line' id='line_1_8' title="bbox 95 675 1511 728; baseline -0.001 -12"><span class='ocrx_word' id='word_1_61' title='bbox 95 683 201 716; x_wconf 88' lang='lat' dir='ltr'>tum:</span> <span class='ocrx_word' id='word_1_62' title='bbox 227 677 279 717; x_wconf 78' lang='lat' dir='ltr'>‘C.</span> <span class='ocrx_word' id='word_1_63' title='bbox 301 677 488 728; x_wconf 90' lang='lat' dir='ltr'>Pompeio</span> <span class='ocrx_word' id='word_1_64' title='bbox 509 676 799 723; x_wconf 84' lang='lat' dir='ltr'>Trimalchioni,</span> <span class='ocrx_word' id='word_1_65' title='bbox 821 676 946 715; x_wconf 87' lang='lat' dir='ltr'>seviro</span> <span class='ocrx_word' id='word_1_66' title='bbox 966 675 1178 727; x_wconf 83' lang='lat' dir='ltr'>Augustali,</span> <span class='ocrx_word' id='word_1_67' title='bbox 1200 675 1412 715; x_wconf 89' lang='lat' dir='ltr'>Cinnamus</span> <span class='ocrx_word' id='word_1_68' title='bbox 1432 675 1511 714; x_wconf 86' lang='lat' dir='ltr'>dis·</span> 
     </span>
     <span class='ocr_line' id='line_1_9' title="bbox 97 731 1512 785; baseline -0.001 -13"><span class='ocrx_word' id='word_1_69' title='bbox 97 733 306 785; x_wconf 87' lang='lat' dir='ltr'>pensator’.</span> <span class='ocrx_word' id='word_1_70' title='bbox 347 733 419 774; x_wconf 91' lang='lat' dir='ltr'>sub</span> <span class='ocrx_word' id='word_1_71' title='bbox 440 733 575 773; x_wconf 92' lang='lat' dir='ltr'>eodem</span> <span class='ocrx_word' id='word_1_72' title='bbox 595 732 708 772; x_wconf 90' lang='lat' dir='ltr'>titulo</span> <span class='ocrx_word' id='word_1_73' title='bbox 731 738 770 771; x_wconf 93' lang='lat' dir='ltr'>et</span> <span class='ocrx_word' id='word_1_74' title='bbox 789 732 950 772; x_wconf 89' lang='lat' dir='ltr'>lucerna</span> <span class='ocrx_word' id='word_1_75' title='bbox 964 732 1155 784; x_wconf 83' lang='lat' dir='ltr'>bilychnis</span> <span class='ocrx_word' id='word_1_76' title='bbox 1175 731 1222 771; x_wconf 90' lang='lat' dir='ltr'>de</span> <span class='ocrx_word' id='word_1_77' title='bbox 1245 743 1396 771; x_wconf 85' lang='lat' dir='ltr'>camera</span> <span class='ocrx_word' id='word_1_78' title='bbox 1412 743 1512 783; x_wconf 90' lang='lat' dir='ltr'>pen-</span> 
     </span>
     <span class='ocr_line' id='line_1_10' title="bbox 99 787 1512 840; baseline -0.001 -11"><span class='ocrx_word' id='word_1_79' title='bbox 99 788 234 837; x_wconf 86' lang='lat' dir='ltr'>debat,</span> <span class='ocrx_word' id='word_1_80' title='bbox 265 795 303 829; x_wconf 90' lang='lat' dir='ltr'>et</span> <span class='ocrx_word' id='word_1_81' title='bbox 322 789 420 829; x_wconf 88' lang='lat' dir='ltr'>duae</span> <span class='ocrx_word' id='word_1_82' title='bbox 440 788 592 829; x_wconf 91' lang='lat' dir='ltr'>tabulae</span> <span class='ocrx_word' id='word_1_83' title='bbox 613 789 654 828; x_wconf 92' lang='lat' dir='ltr'>in</span> <span class='ocrx_word' id='word_1_84' title='bbox 674 794 843 840; x_wconf 88' lang='lat' dir='ltr'>utroque</span> <span class='ocrx_word' id='word_1_85' title='bbox 864 794 975 840; x_wconf 86' lang='lat' dir='ltr'>poste</span> <span class='ocrx_word' id='word_1_86' title='bbox 997 789 1164 834; x_wconf 83' lang='lat' dir='ltr'>defixae,</span> <span class='ocrx_word' id='word_1_87' title='bbox 1195 800 1360 839; x_wconf 89' lang='lat' dir='ltr'>quarum</span> <span class='ocrx_word' id='word_1_88' title='bbox 1380 787 1512 833; x_wconf 81' lang='lat' dir='ltr'>altera,</span> 
     </span>
     <span class='ocr_line' id='line_1_11' title="bbox 0 844 1513 901; baseline -0.002 -15"><span class='ocrx_word' id='word_1_89' title='bbox 0 890 1 901; x_wconf 15' lang='grc' dir='ltr'>γ</span> <span class='ocrx_word' id='word_1_90' title='bbox 29 850 67 885; x_wconf 88' lang='grc'>10</span> <span class='ocrx_word' id='word_1_91' title='bbox 98 846 130 885; x_wconf 93' lang='lat' dir='ltr'>si</span> <span class='ocrx_word' id='word_1_92' title='bbox 150 845 252 885; x_wconf 91' lang='lat' dir='ltr'>bene</span> <span class='ocrx_word' id='word_1_93' title='bbox 271 846 444 893; x_wconf 88' lang='lat' dir='ltr'>memini,</span> <span class='ocrx_word' id='word_1_94' title='bbox 464 846 539 885; x_wconf 93' lang='lat' dir='ltr'>hoc</span> <span class='ocrx_word' id='word_1_95' title='bbox 559 845 724 884; x_wconf 87' lang='lat' dir='ltr'>hahebat</span> <span class='ocrx_word' id='word_1_96' title='bbox 743 845 994 897; x_wconf 90' lang='lat' dir='ltr'>inscriptum:</span> <span class='ocrx_word' id='word_1_97' title='bbox 1027 844 1104 884; x_wconf 73' lang='lat'>⁶111.</span> <span class='ocrx_word' id='word_1_98' title='bbox 1126 850 1164 884; x_wconf 91' lang='lat' dir='ltr'>et</span> <span class='ocrx_word' id='word_1_99' title='bbox 1183 844 1307 896; x_wconf 89' lang='lat' dir='ltr'>pridie</span> <span class='ocrx_word' id='word_1_100' title='bbox 1329 844 1513 884; x_wconf 87' lang='lat' dir='ltr'>kalendas</span> 
     </span>
     <span class='ocr_line' id='line_1_12' title="bbox 0 900 1512 949; baseline -0.001 -8"><span class='ocrx_word' id='word_1_101' title='bbox 0 906 1 937; x_wconf 68' lang='lat' dir='ltr'>l</span> <span class='ocrx_word' id='word_1_102' title='bbox 99 901 295 942; x_wconf 89' lang='lat' dir='ltr'>Ianuarias</span> <span class='ocrx_word' id='word_1_103' title='bbox 315 902 355 942; x_wconf 86' lang='lat' dir='ltr'>C.</span> <span class='ocrx_word' id='word_1_104' title='bbox 378 908 513 942; x_wconf 89' lang='lat' dir='ltr'>noster</span> <span class='ocrx_word' id='word_1_105' title='bbox 541 902 644 941; x_wconf 84' lang='lat' dir='ltr'>foras</span> <span class='ocrx_word' id='word_1_106' title='bbox 673 901 812 949; x_wconf 87' lang='lat' dir='ltr'>cenat&#39;,</span> <span class='ocrx_word' id='word_1_107' title='bbox 842 901 960 941; x_wconf 88' lang='lat' dir='ltr'>altera</span> <span class='ocrx_word' id='word_1_108' title='bbox 981 901 1096 941; x_wconf 89' lang='lat' dir='ltr'>lunae</span> <span class='ocrx_word' id='word_1_109' title='bbox 1117 913 1274 941; x_wconf 90' lang='lat' dir='ltr'>cursum</span> <span class='ocrx_word' id='word_1_110' title='bbox 1294 900 1512 941; x_wconf 87' lang='lat' dir='ltr'>stellarum-</span> 
     </span>
     <span class='ocr_line' id='line_1_13' title="bbox 0 956 1513 1020; baseline -0.001 -23"><span class='ocrx_word' id='word_1_111' title='bbox 0 982 2 1020; x_wconf 34' lang='grc' dir='ltr'>ᾗ</span> <span class='ocrx_word' id='word_1_112' title='bbox 99 969 176 1009; x_wconf 88' lang='lat' dir='ltr'>que</span> <span class='ocrx_word' id='word_1_113' title='bbox 195 964 343 1010; x_wconf 90' lang='lat' dir='ltr'>septem</span> <span class='ocrx_word' id='word_1_114' title='bbox 365 958 551 1009; x_wconf 86' lang='lat' dir='ltr'>imagines</span> <span class='ocrx_word' id='word_1_115' title='bbox 571 958 715 1009; x_wconf 90' lang='lat' dir='ltr'>pictas;</span> <span class='ocrx_word' id='word_1_116' title='bbox 746 964 784 997; x_wconf 94' lang='lat' dir='ltr'>et</span> <span class='ocrx_word' id='word_1_117' title='bbox 806 957 872 1008; x_wconf 89' lang='lat' dir='ltr'>qui</span> <span class='ocrx_word' id='word_1_118' title='bbox 892 957 974 997; x_wconf 91' lang='lat' dir='ltr'>dies</span> <span class='ocrx_word' id='word_1_119' title='bbox 995 957 1089 997; x_wconf 89' lang='lat' dir='ltr'>boni</span> <span class='ocrx_word' id='word_1_120' title='bbox 1108 957 1253 1009; x_wconf 88' lang='lat' dir='ltr'>quique</span> <span class='ocrx_word' id='word_1_121' title='bbox 1274 956 1513 996; x_wconf 90' lang='lat' dir='ltr'>incommodi</span> 
     </span>
     <span class='ocr_line' id='line_1_14' title="bbox 99 1013 918 1065; baseline -0.002 -11"><span class='ocrx_word' id='word_1_122' title='bbox 99 1019 240 1062; x_wconf 84' lang='lat' dir='ltr'>essent,</span> <span class='ocrx_word' id='word_1_123' title='bbox 262 1014 524 1065; x_wconf 85' lang='lat' dir='ltr'>distinguente</span> <span class='ocrx_word' id='word_1_124' title='bbox 544 1014 648 1053; x_wconf 90' lang='lat' dir='ltr'>bulla</span> <span class='ocrx_word' id='word_1_125' title='bbox 669 1013 918 1053; x_wconf 87' lang='lat' dir='ltr'>notabantur.</span> 
     </span>
     <span class='ocr_line' id='line_1_15' title="bbox 47 1069 1513 1124; baseline -0.001 -13"><span class='ocrx_word' id='word_1_126' title='bbox 47 1079 84 1112; x_wconf 83' lang='grc' dir='ltr'><em>Η</em></span> <span class='ocrx_word' id='word_1_127' title='bbox 204 1069 211 1124; x_wconf 90' lang='grc' dir='ltr'>Ι</span> <span class='ocrx_word' id='word_1_128' title='bbox 236 1070 297 1110; x_wconf 92' lang='lat' dir='ltr'>his</span> <span class='ocrx_word' id='word_1_129' title='bbox 325 1070 464 1122; x_wconf 90' lang='lat' dir='ltr'>repleti</span> <span class='ocrx_word' id='word_1_130' title='bbox 492 1070 754 1122; x_wconf 89' lang='lat' dir='ltr'>voluptatibus</span> <span class='ocrx_word' id='word_1_131' title='bbox 783 1082 871 1109; x_wconf 93' lang='lat' dir='ltr'>cum</span> <span class='ocrx_word' id='word_1_132' title='bbox 903 1082 1137 1109; x_wconf 89' lang='lat' dir='ltr'>conaremur</span> <span class='ocrx_word' id='word_1_133' title='bbox 1156 1070 1196 1109; x_wconf 91' lang='lat' dir='ltr'>in</span> <span class='ocrx_word' id='word_1_134' title='bbox 1217 1069 1431 1109; x_wconf 88' lang='lat' dir='ltr'>triclinium</span> <span class='ocrx_word' id='word_1_135' title='bbox 1452 1069 1513 1109; x_wconf 90' lang='lat' dir='ltr'>in-</span> 
     </span>
     <span class='ocr_line' id='line_1_16' title="bbox 31 1126 1515 1178; baseline -0.001 -13"><span class='ocrx_word' id='word_1_136' title='bbox 31 1131 70 1165; x_wconf 82' lang='lat'>15</span> <span class='ocrx_word' id='word_1_137' title='bbox 99 1131 222 1174; x_wconf 90' lang='lat' dir='ltr'>trare,</span> <span class='ocrx_word' id='word_1_138' title='bbox 253 1126 478 1166; x_wconf 84' lang='lat' dir='ltr'>exclamavit</span> <span class='ocrx_word' id='word_1_139' title='bbox 505 1139 609 1166; x_wconf 91' lang='lat' dir='ltr'>unus</span> <span class='ocrx_word' id='word_1_140' title='bbox 639 1139 686 1166; x_wconf 86' lang='lat' dir='ltr'>ex</span> <span class='ocrx_word' id='word_1_141' title='bbox 718 1126 868 1178; x_wconf 89' lang='lat' dir='ltr'>pueris,</span> <span class='ocrx_word' id='word_1_142' title='bbox 899 1127 966 1178; x_wconf 91' lang='lat' dir='ltr'>qui</span> <span class='ocrx_word' id='word_1_143' title='bbox 995 1138 1115 1178; x_wconf 91' lang='lat' dir='ltr'>super</span> <span class='ocrx_word' id='word_1_144' title='bbox 1144 1126 1218 1165; x_wconf 94' lang='lat' dir='ltr'>hoc</span> <span class='ocrx_word' id='word_1_145' title='bbox 1239 1126 1411 1165; x_wconf 79' lang='lat' dir='ltr'>officium</span> <span class='ocrx_word' id='word_1_146' title='bbox 1432 1130 1515 1165; x_wconf 89' lang='lat' dir='ltr'>erat</span> 
     </span>
     <span class='ocr_line' id='line_1_17' title="bbox 98 1182 1514 1235; baseline -0.002 -12"><span class='ocrx_word' id='word_1_147' title='bbox 98 1183 268 1235; x_wconf 86' lang='lat' dir='ltr'>positus:</span> <span class='ocrx_word' id='word_1_148' title='bbox 298 1183 446 1222; x_wconf 81' lang='lat' dir='ltr'>‘dextro</span> <span class='ocrx_word' id='word_1_149' title='bbox 476 1183 600 1234; x_wconf 90' lang='lat' dir='ltr'>pede&#39;.</span> <span class='ocrx_word' id='word_1_150' title='bbox 639 1183 725 1222; x_wconf 91' lang='lat' dir='ltr'>sine</span> <span class='ocrx_word' id='word_1_151' title='bbox 755 1182 872 1222; x_wconf 90' lang='lat' dir='ltr'>dubio</span> <span class='ocrx_word' id='word_1_152' title='bbox 904 1183 1103 1235; x_wconf 88' lang='lat' dir='ltr'>paulisper</span> <span class='ocrx_word' id='word_1_153' title='bbox 1130 1182 1426 1234; x_wconf 89' lang='lat' dir='ltr'>trepidavimus,</span> <span class='ocrx_word' id='word_1_154' title='bbox 1463 1194 1514 1221; x_wconf 91' lang='lat' dir='ltr'>ne</span> 
     </span>
     <span class='ocr_line' id='line_1_18' title="bbox 34 1236 1514 1291; baseline 0 -14"><span class='ocrx_word' id='word_1_155' title='bbox 34 1242 239 1278; x_wconf 78' lang='lat' dir='ltr'>HLcontra</span> <span class='ocrx_word' id='word_1_156' title='bbox 274 1245 527 1291; x_wconf 90' lang='lat' dir='ltr'>praeceptum</span> <span class='ocrx_word' id='word_1_157' title='bbox 556 1239 694 1290; x_wconf 89' lang='lat' dir='ltr'>aliquis</span> <span class='ocrx_word' id='word_1_158' title='bbox 726 1246 905 1278; x_wconf 88' lang='lat' dir='ltr'>nostrum</span> <span class='ocrx_word' id='word_1_159' title='bbox 935 1239 1052 1278; x_wconf 90' lang='lat' dir='ltr'>limen</span> <span class='ocrx_word' id='word_1_160' title='bbox 1083 1239 1280 1279; x_wconf 87' lang='lat' dir='ltr'>transiret.</span> <span class='ocrx_word' id='word_1_161' title='bbox 1308 1236 1314 1291; x_wconf 86' lang='grc' dir='ltr'>Ι</span> <span class='ocrx_word' id='word_1_162' title='bbox 1340 1243 1514 1278; x_wconf 89' lang='lat' dir='ltr'>ceterum</span> 
     </span>
     <span class='ocr_line' id='line_1_19' title="bbox 99 1294 1515 1347; baseline -0.001 -13"><span class='ocrx_word' id='word_1_163' title='bbox 99 1301 143 1334; x_wconf 91' lang='lat' dir='ltr'>ut</span> <span class='ocrx_word' id='word_1_164' title='bbox 169 1295 314 1347; x_wconf 90' lang='lat' dir='ltr'>pariter</span> <span class='ocrx_word' id='word_1_165' title='bbox 350 1296 540 1335; x_wconf 89' lang='lat' dir='ltr'>movimus</span> <span class='ocrx_word' id='word_1_166' title='bbox 570 1296 726 1335; x_wconf 87' lang='lat' dir='ltr'>dextros</span> <span class='ocrx_word' id='word_1_167' title='bbox 755 1307 934 1347; x_wconf 87' lang='lat' dir='ltr'>gressus,</span> <span class='ocrx_word' id='word_1_168' title='bbox 972 1308 1106 1335; x_wconf 87' lang='lat' dir='ltr'>servus</span> <span class='ocrx_word' id='word_1_169' title='bbox 1136 1294 1250 1335; x_wconf 90' lang='lat' dir='ltr'>nobis</span> <span class='ocrx_word' id='word_1_170' title='bbox 1279 1294 1515 1346; x_wconf 85' lang='lat' dir='ltr'>despoliatus</span> 
     </span>
     <span class='ocr_line' id='line_1_20' title="bbox 35 1350 1514 1404; baseline -0.001 -13"><span class='ocrx_word' id='word_1_171' title='bbox 35 1373 37 1378; x_wconf 91' lang='lat'>·</span> <span class='ocrx_word' id='word_1_172' title='bbox 99 1350 311 1404; x_wconf 87' lang='lat' dir='ltr'>procubuit</span> <span class='ocrx_word' id='word_1_173' title='bbox 339 1352 384 1391; x_wconf 91' lang='lat' dir='ltr'>ad</span> <span class='ocrx_word' id='word_1_174' title='bbox 406 1352 525 1403; x_wconf 89' lang='lat' dir='ltr'>pedes</span> <span class='ocrx_word' id='word_1_175' title='bbox 545 1363 589 1391; x_wconf 90' lang='lat' dir='ltr'>ac</span> <span class='ocrx_word' id='word_1_176' title='bbox 609 1363 748 1403; x_wconf 88' lang='lat' dir='ltr'>rogare</span> <span class='ocrx_word' id='word_1_177' title='bbox 769 1351 917 1403; x_wconf 90' lang='lat' dir='ltr'>coepit,</span> <span class='ocrx_word' id='word_1_178' title='bbox 949 1357 992 1391; x_wconf 89' lang='lat' dir='ltr'>ut</span> <span class='ocrx_word' id='word_1_179' title='bbox 1010 1365 1052 1392; x_wconf 91' lang='lat' dir='ltr'>se</span> <span class='ocrx_word' id='word_1_180' title='bbox 1072 1363 1222 1404; x_wconf 90' lang='lat' dir='ltr'>poenae</span> <span class='ocrx_word' id='word_1_181' title='bbox 1253 1351 1514 1403; x_wconf 87' lang='lat' dir='ltr'>eriperemus:</span> 
     </span>
     <span class='ocr_line' id='line_1_21' title="bbox 33 1407 1515 1460; baseline -0.001 -13"><span class='ocrx_word' id='word_1_182' title='bbox 33 1413 73 1447; x_wconf 81' lang='lat'>20</span> <span class='ocrx_word' id='word_1_183' title='bbox 100 1419 175 1447; x_wconf 91' lang='lat' dir='ltr'>nec</span> <span class='ocrx_word' id='word_1_184' title='bbox 202 1419 388 1458; x_wconf 89' lang='lat' dir='ltr'>magnum</span> <span class='ocrx_word' id='word_1_185' title='bbox 410 1420 493 1448; x_wconf 88' lang='lat' dir='ltr'>esse</span> <span class='ocrx_word' id='word_1_186' title='bbox 514 1414 718 1460; x_wconf 90' lang='lat' dir='ltr'>peccatum</span> <span class='ocrx_word' id='word_1_187' title='bbox 739 1421 851 1448; x_wconf 91' lang='lat' dir='ltr'>suum</span> <span class='ocrx_word' id='word_1_188' title='bbox 864 1438 874 1456; x_wconf 91' lang='lat'><strong>‚</strong></span> <span class='ocrx_word' id='word_1_189' title='bbox 904 1413 1065 1460; x_wconf 90' lang='lat' dir='ltr'>propter</span> <span class='ocrx_word' id='word_1_190' title='bbox 1086 1408 1190 1460; x_wconf 89' lang='lat' dir='ltr'>quod</span> <span class='ocrx_word' id='word_1_191' title='bbox 1209 1407 1515 1459; x_wconf 88' lang='lat' dir='ltr'>periclitaretur;</span> 
     </span>
     <span class='ocr_line' id='line_1_22' title="bbox 100 1462 1513 1516; baseline -0.001 -13"><span class='ocrx_word' id='word_1_192' title='bbox 100 1462 289 1504; x_wconf 86' lang='lat' dir='ltr'>subducta</span> <span class='ocrx_word' id='word_1_193' title='bbox 309 1464 413 1503; x_wconf 90' lang='lat' dir='ltr'>enim</span> <span class='ocrx_word' id='word_1_194' title='bbox 435 1464 507 1504; x_wconf 91' lang='lat' dir='ltr'>sibi</span> <span class='ocrx_word' id='word_1_195' title='bbox 527 1465 754 1504; x_wconf 87' lang='lat' dir='ltr'>vestimenta</span> <span class='ocrx_word' id='word_1_196' title='bbox 776 1464 1055 1516; x_wconf 88' lang='lat' dir='ltr'>dispensatoris</span> <span class='ocrx_word' id='word_1_197' title='bbox 1075 1465 1115 1504; x_wconf 91' lang='lat' dir='ltr'>in</span> <span class='ocrx_word' id='word_1_198' title='bbox 1138 1464 1277 1504; x_wconf 88' lang='lat' dir='ltr'>balneo</span> <span class='ocrx_word' id='word_1_199' title='bbox 1290 1495 1299 1512; x_wconf 95' lang='lat'>‚</span> <span class='ocrx_word' id='word_1_200' title='bbox 1330 1475 1430 1514; x_wconf 89' lang='lat' dir='ltr'>quae</span> <span class='ocrx_word' id='word_1_201' title='bbox 1451 1463 1513 1503; x_wconf 85' lang='lat' dir='ltr'>vix</span> 
     </span>
     <span class='ocr_line' id='line_1_23' title="bbox 100 1519 1515 1572; baseline -0.001 -13"><span class='ocrx_word' id='word_1_202' title='bbox 100 1519 266 1560; x_wconf 79' lang='lat' dir='ltr'>fuissent</span> <span class='ocrx_word' id='word_1_203' title='bbox 293 1520 427 1560; x_wconf 91' lang='lat' dir='ltr'>decem</span> <span class='ocrx_word' id='word_1_204' title='bbox 448 1521 726 1560; x_wconf 87' lang='lat' dir='ltr'>sestertiorum.</span> <span class='ocrx_word' id='word_1_205' title='bbox 767 1521 986 1560; x_wconf 88' lang='lat' dir='ltr'>rettulimus</span> <span class='ocrx_word' id='word_1_206' title='bbox 1006 1533 1099 1572; x_wconf 88' lang='lat' dir='ltr'>ergo</span> <span class='ocrx_word' id='word_1_207' title='bbox 1121 1521 1277 1560; x_wconf 85' lang='lat' dir='ltr'>dextros</span> <span class='ocrx_word' id='word_1_208' title='bbox 1296 1519 1416 1571; x_wconf 87' lang='lat' dir='ltr'>pedes</span> <span class='ocrx_word' id='word_1_209' title='bbox 1436 1519 1515 1559; x_wconf 87' lang='lat' dir='ltr'>dis-</span> 
     </span>
     <span class='ocr_line' id='line_1_24' title="bbox 101 1576 1517 1629; baseline 0 -14"><span class='ocrx_word' id='word_1_210' title='bbox 101 1581 429 1628; x_wconf 89' lang='lat' dir='ltr'>pensatoremque</span> <span class='ocrx_word' id='word_1_211' title='bbox 450 1576 489 1616; x_wconf 91' lang='lat' dir='ltr'>in</span> <span class='ocrx_word' id='word_1_212' title='bbox 511 1577 608 1616; x_wconf 90' lang='lat' dir='ltr'>atrio</span> <span class='ocrx_word' id='word_1_213' title='bbox 630 1589 769 1616; x_wconf 91' lang='lat' dir='ltr'>aureos</span> <span class='ocrx_word' id='word_1_214' title='bbox 790 1583 1061 1616; x_wconf 86' lang='lat' dir='ltr'>numerantem</span> <span class='ocrx_word' id='word_1_215' title='bbox 1082 1576 1277 1629; x_wconf 89' lang='lat' dir='ltr'>deprecati</span> <span class='ocrx_word' id='word_1_216' title='bbox 1297 1588 1451 1624; x_wconf 90' lang='lat' dir='ltr'>sumus,</span> <span class='ocrx_word' id='word_1_217' title='bbox 1471 1581 1517 1615; x_wconf 92' lang='lat' dir='ltr'>ut</span> 
     </span>
     <span class='ocr_line' id='line_1_25' title="bbox 103 1633 1514 1684; baseline 0.001 -13"><span class='ocrx_word' id='word_1_218' title='bbox 103 1643 213 1672; x_wconf 89' lang='lat' dir='ltr'>servo</span> <span class='ocrx_word' id='word_1_219' title='bbox 242 1633 458 1672; x_wconf 86' lang='lat' dir='ltr'>remitteret</span> <span class='ocrx_word' id='word_1_220' title='bbox 486 1645 666 1684; x_wconf 87' lang='lat' dir='ltr'>poenam.</span> <span class='ocrx_word' id='word_1_221' title='bbox 706 1633 900 1684; x_wconf 89' lang='lat' dir='ltr'>superbus</span> <span class='ocrx_word' id='word_1_222' title='bbox 928 1633 992 1672; x_wconf 90' lang='lat' dir='ltr'>ille</span> <span class='ocrx_word' id='word_1_223' title='bbox 1021 1633 1176 1673; x_wconf 89' lang='lat' dir='ltr'>sustulit</span> <span class='ocrx_word' id='word_1_224' title='bbox 1194 1633 1339 1672; x_wconf 90' lang='lat' dir='ltr'>vultum</span> <span class='ocrx_word' id='word_1_225' title='bbox 1361 1639 1400 1672; x_wconf 91' lang='lat' dir='ltr'>et</span> <span class='ocrx_word' id='word_1_226' title='bbox 1420 1635 1514 1672; x_wconf 87' lang='lat' dir='ltr'>‘non</span> 
     </span>
     <span class='ocr_line' id='line_1_26' title="bbox 35 1688 1514 1741; baseline 0 -14"><span class='ocrx_word' id='word_1_227' title='bbox 35 1693 74 1727; x_wconf 84' lang='lat'>25</span> <span class='ocrx_word' id='word_1_228' title='bbox 107 1694 185 1728; x_wconf 90' lang='lat' dir='ltr'>tam</span> <span class='ocrx_word' id='word_1_229' title='bbox 205 1689 350 1728; x_wconf 88' lang='lat' dir='ltr'>iactura</span> <span class='ocrx_word' id='word_1_230' title='bbox 372 1701 433 1728; x_wconf 91' lang='lat' dir='ltr'>me</span> <span class='ocrx_word' id='word_1_231' title='bbox 453 1689 593 1728; x_wconf 89' lang='lat' dir='ltr'>movet&#39;</span> <span class='ocrx_word' id='word_1_232' title='bbox 608 1690 735 1740; x_wconf 90' lang='lat' dir='ltr'>inquit</span> <span class='ocrx_word' id='word_1_233' title='bbox 750 1693 878 1740; x_wconf 85' lang='lat' dir='ltr'>‘quam</span> <span class='ocrx_word' id='word_1_234' title='bbox 899 1689 1135 1741; x_wconf 86' lang='lat' dir='ltr'>negligentia</span> <span class='ocrx_word' id='word_1_235' title='bbox 1156 1689 1381 1741; x_wconf 89' lang='lat' dir='ltr'>nequissimi</span> <span class='ocrx_word' id='word_1_236' title='bbox 1402 1688 1514 1728; x_wconf 89' lang='lat' dir='ltr'>servi.</span> 
     </span>
     <span class='ocr_line' id='line_1_27' title="bbox 101 1742 1515 1797; baseline 0.001 -13"><span class='ocrx_word' id='word_1_237' title='bbox 101 1744 328 1784; x_wconf 88' lang='lat' dir='ltr'>vestimenta</span> <span class='ocrx_word' id='word_1_238' title='bbox 359 1757 443 1784; x_wconf 89' lang='lat' dir='ltr'>mea</span> <span class='ocrx_word' id='word_1_239' title='bbox 472 1744 661 1784; x_wconf 90' lang='lat' dir='ltr'>cubitoria</span> <span class='ocrx_word' id='word_1_240' title='bbox 690 1742 877 1797; x_wconf 75' lang='lat' dir='ltr'>p&#39;erdidit,</span> <span class='ocrx_word' id='word_1_241' title='bbox 909 1757 1009 1797; x_wconf 92' lang='lat' dir='ltr'>quae</span> <span class='ocrx_word' id='word_1_242' title='bbox 1033 1746 1127 1785; x_wconf 90' lang='lat' dir='ltr'>mihi</span> <span class='ocrx_word' id='word_1_243' title='bbox 1148 1745 1264 1785; x_wconf 87' lang='lat' dir='ltr'>natali</span> <span class='ocrx_word' id='word_1_244' title='bbox 1284 1757 1372 1784; x_wconf 92' lang='lat' dir='ltr'>meo</span> <span class='ocrx_word' id='word_1_245' title='bbox 1393 1745 1515 1785; x_wconf 90' lang='lat' dir='ltr'>cliens</span> 
     </span>
     <span class='ocr_line' id='line_1_28' title="bbox 102 1800 1580 1854; baseline 0.002 -14"><span class='ocrx_word' id='word_1_246' title='bbox 102 1800 258 1852; x_wconf 90' lang='lat' dir='ltr'>quidam</span> <span class='ocrx_word' id='word_1_247' title='bbox 288 1800 517 1849; x_wconf 88' lang='lat' dir='ltr'>donaverat,</span> <span class='ocrx_word' id='word_1_248' title='bbox 548 1801 661 1854; x_wconf 83' lang='lat' dir='ltr'>Tyria</span> <span class='ocrx_word' id='word_1_249' title='bbox 690 1801 775 1841; x_wconf 92' lang='lat' dir='ltr'>sine</span> <span class='ocrx_word' id='word_1_250' title='bbox 801 1801 939 1850; x_wconf 85' lang='lat' dir='ltr'>dubio,</span> <span class='ocrx_word' id='word_1_251' title='bbox 969 1802 1036 1842; x_wconf 91' lang='lat' dir='ltr'>sed</span> <span class='ocrx_word' id='word_1_252' title='bbox 1057 1802 1131 1842; x_wconf 90' lang='lat' dir='ltr'>iam</span> <span class='ocrx_word' id='word_1_253' title='bbox 1151 1801 1270 1842; x_wconf 88' lang='lat' dir='ltr'>semel</span> <span class='ocrx_word' id='word_1_254' title='bbox 1290 1801 1381 1840; x_wconf 90' lang='lat' dir='ltr'>lota.</span> <span class='ocrx_word' id='word_1_255' title='bbox 1422 1801 1512 1853; x_wconf 89' lang='lat' dir='ltr'>quid</span> <span class='ocrx_word' id='word_1_256' title='bbox 1530 1803 1580 1843; x_wconf 90' lang='lat'>31</span> 
     </span>
     <span class='ocr_line' id='line_1_29' title="bbox 104 1855 702 1909; baseline 0 -12"><span class='ocrx_word' id='word_1_257' title='bbox 104 1868 197 1909; x_wconf 85' lang='lat' dir='ltr'>ergo</span> <span class='ocrx_word' id='word_1_258' title='bbox 219 1855 305 1896; x_wconf 77' lang='lat' dir='ltr'>est?</span> <span class='ocrx_word' id='word_1_259' title='bbox 335 1857 439 1896; x_wconf 91' lang='lat' dir='ltr'>dono</span> <span class='ocrx_word' id='word_1_260' title='bbox 459 1857 568 1897; x_wconf 90' lang='lat' dir='ltr'>vobis</span> <span class='ocrx_word' id='word_1_261' title='bbox 587 1857 702 1897; x_wconf 89' lang='lat' dir='ltr'>eum&#39;.</span> 
     </span>
     <span class='ocr_line' id='line_1_30' title="bbox 216 1912 1516 1966; baseline 0.002 -14"><span class='ocrx_word' id='word_1_262' title='bbox 216 1912 372 1964; x_wconf 87' lang='lat' dir='ltr'>obligati</span> <span class='ocrx_word' id='word_1_263' title='bbox 403 1919 478 1952; x_wconf 85' lang='lat' dir='ltr'>tam</span> <span class='ocrx_word' id='word_1_264' title='bbox 509 1913 648 1966; x_wconf 86' lang='lat' dir='ltr'>grandi</span> <span class='ocrx_word' id='word_1_265' title='bbox 676 1913 870 1953; x_wconf 87' lang='lat' dir='ltr'>beneficio</span> <span class='ocrx_word' id='word_1_266' title='bbox 900 1926 990 1953; x_wconf 91' lang='lat' dir='ltr'>cum</span> <span class='ocrx_word' id='word_1_267' title='bbox 1015 1913 1269 1954; x_wconf 88' lang='lat' dir='ltr'>intrassemus</span> <span class='ocrx_word' id='word_1_268' title='bbox 1290 1914 1516 1963; x_wconf 90' lang='lat' dir='ltr'>triclinium,</span> 
     </span>
     <span class='ocr_line' id='line_1_31' title="bbox 37 1968 1517 2023; baseline 0.001 -15"><span class='ocrx_word' id='word_1_269' title='bbox 37 1973 76 2007; x_wconf 75' lang='lat'>³0</span> <span class='ocrx_word' id='word_1_270' title='bbox 105 1969 276 2009; x_wconf 90' lang='lat' dir='ltr'>occurrit</span> <span class='ocrx_word' id='word_1_271' title='bbox 295 1968 410 2009; x_wconf 90' lang='lat' dir='ltr'>nobis</span> <span class='ocrx_word' id='word_1_272' title='bbox 429 1970 493 2009; x_wconf 90' lang='lat' dir='ltr'>ille</span> <span class='ocrx_word' id='word_1_273' title='bbox 514 1970 615 2009; x_wconf 92' lang='lat' dir='ltr'>idem</span> <span class='ocrx_word' id='word_1_274' title='bbox 636 1982 781 2017; x_wconf 86' lang='lat' dir='ltr'>servus,</span> <span class='ocrx_word' id='word_1_275' title='bbox 802 1982 874 2022; x_wconf 92' lang='lat' dir='ltr'>pro</span> <span class='ocrx_word' id='word_1_276' title='bbox 895 1982 973 2021; x_wconf 94' lang='lat' dir='ltr'>quo</span> <span class='ocrx_word' id='word_1_277' title='bbox 994 1982 1279 2022; x_wconf 82' lang='lat' dir='ltr'>rogaveramus,</span> <span class='ocrx_word' id='word_1_278' title='bbox 1301 1976 1339 2010; x_wconf 93' lang='lat' dir='ltr'>et</span> <span class='ocrx_word' id='word_1_279' title='bbox 1354 1976 1517 2023; x_wconf 75' lang='lat' dir='ltr'>stupem-</span> 
     </span>
     <span class='ocr_line' id='line_1_32' title="bbox 101 2024 1516 2079; baseline 0.001 -15"><span class='ocrx_word' id='word_1_280' title='bbox 101 2024 206 2066; x_wconf 88' lang='lat' dir='ltr'>tibus</span> <span class='ocrx_word' id='word_1_281' title='bbox 233 2025 462 2077; x_wconf 90' lang='lat' dir='ltr'>spississima</span> <span class='ocrx_word' id='word_1_282' title='bbox 483 2025 587 2066; x_wconf 90' lang='lat' dir='ltr'>basia</span> <span class='ocrx_word' id='word_1_283' title='bbox 608 2026 770 2079; x_wconf 88' lang='lat' dir='ltr'>impegit</span> <span class='ocrx_word' id='word_1_284' title='bbox 794 2027 935 2078; x_wconf 86' lang='lat' dir='ltr'>gratias</span> <span class='ocrx_word' id='word_1_285' title='bbox 955 2037 1075 2077; x_wconf 86' lang='lat' dir='ltr'>agens</span> <span class='ocrx_word' id='word_1_286' title='bbox 1094 2026 1324 2066; x_wconf 89' lang='lat' dir='ltr'>humanitati</span> <span class='ocrx_word' id='word_1_287' title='bbox 1347 2033 1516 2067; x_wconf 89' lang='lat' dir='ltr'>nostrae.</span> 
     </span>
     <span class='ocr_line' id='line_1_33' title="bbox 102 2081 1518 2123; baseline 0.002 -3"><span class='ocrx_word' id='word_1_288' title='bbox 102 2081 150 2121; x_wconf 88' lang='lat' dir='ltr'>ad</span> <span class='ocrx_word' id='word_1_289' title='bbox 178 2093 367 2122; x_wconf 91' lang='lat' dir='ltr'>summam</span> <span class='ocrx_word' id='word_1_290' title='bbox 387 2083 527 2122; x_wconf 87' lang='lat' dir='ltr'>‘statim</span> <span class='ocrx_word' id='word_1_291' title='bbox 557 2083 698 2122; x_wconf 87' lang='lat' dir='ltr'>scietis&#39;</span> <span class='ocrx_word' id='word_1_292' title='bbox 717 2083 770 2122; x_wconf 91' lang='lat' dir='ltr'>ait</span> <span class='ocrx_word' id='word_1_293' title='bbox 789 2083 865 2122; x_wconf 84' lang='lat' dir='ltr'>‘cui</span> <span class='ocrx_word' id='word_1_294' title='bbox 886 2082 1069 2122; x_wconf 89' lang='lat' dir='ltr'>dederitis</span> <span class='ocrx_word' id='word_1_295' title='bbox 1098 2082 1344 2123; x_wconf 86' lang='lat' dir='ltr'>beneficium.</span> <span class='ocrx_word' id='word_1_296' title='bbox 1383 2083 1518 2123; x_wconf 89' lang='lat' dir='ltr'>vinum</span> 
     </span>
     <span class='ocr_line' id='line_1_34' title="bbox 104 2137 866 2190; baseline 0.001 -13"><span class='ocrx_word' id='word_1_297' title='bbox 104 2137 340 2178; x_wconf 89' lang='lat' dir='ltr'>dominicum</span> <span class='ocrx_word' id='word_1_298' title='bbox 361 2138 636 2179; x_wconf 88' lang='lat' dir='ltr'>ministratoris</span> <span class='ocrx_word' id='word_1_299' title='bbox 655 2139 775 2190; x_wconf 86' lang='lat' dir='ltr'>gratia</span> <span class='ocrx_word' id='word_1_300' title='bbox 795 2138 866 2178; x_wconf 88' lang='lat' dir='ltr'>est’</span> 
     </span>
     <span class='ocr_line' id='line_1_35' title="bbox 801 2209 822 2233; baseline 0 -4"><span class='ocrx_word' id='word_1_301' title='bbox 801 2209 822 2233; x_wconf 77' lang='lat'><em>*</em></span> 
     </span>
     <span class='ocr_line' id='line_1_36' title="bbox 214 2250 1517 2304; baseline 0.002 -15"><span class='ocrx_word' id='word_1_302' title='bbox 214 2250 370 2289; x_wconf 79' lang='lat' dir='ltr'>tandem</span> <span class='ocrx_word' id='word_1_303' title='bbox 392 2263 486 2302; x_wconf 90' lang='lat' dir='ltr'>ergo</span> <span class='ocrx_word' id='word_1_304' title='bbox 506 2250 772 2291; x_wconf 89' lang='lat' dir='ltr'>discubuimus</span> <span class='ocrx_word' id='word_1_305' title='bbox 787 2251 919 2304; x_wconf 89' lang='lat' dir='ltr'>pueris</span> <span class='ocrx_word' id='word_1_306' title='bbox 934 2250 1204 2291; x_wconf 85' lang='lat' dir='ltr'>Alexandrinis</span> <span class='ocrx_word' id='word_1_307' title='bbox 1223 2263 1360 2302; x_wconf 90' lang='lat' dir='ltr'>aquam</span> <span class='ocrx_word' id='word_1_308' title='bbox 1378 2251 1417 2291; x_wconf 91' lang='lat' dir='ltr'>in</span> <span class='ocrx_word' id='word_1_309' title='bbox 1435 2263 1517 2291; x_wconf 89' lang='lat' dir='ltr'>ma-</span> 
     </span>
     <span class='ocr_line' id='line_1_37' title="bbox 38 2306 1517 2359; baseline 0.003 -15"><span class='ocrx_word' id='word_1_310' title='bbox 38 2309 76 2344; x_wconf 74' lang='lat'>85</span> <span class='ocrx_word' id='word_1_311' title='bbox 105 2317 179 2346; x_wconf 89' lang='lat' dir='ltr'>nus</span> <span class='ocrx_word' id='word_1_312' title='bbox 209 2306 374 2346; x_wconf 86' lang='lat' dir='ltr'>nivatam</span> <span class='ocrx_word' id='word_1_313' title='bbox 405 2307 702 2348; x_wconf 83' lang='lat' dir='ltr'>infundentibus</span> <span class='ocrx_word' id='word_1_314' title='bbox 732 2307 894 2359; x_wconf 89' lang='lat' dir='ltr'>aliisque</span> <span class='ocrx_word' id='word_1_315' title='bbox 923 2307 1223 2358; x_wconf 88' lang='lat' dir='ltr'>insequentibus</span> <span class='ocrx_word' id='word_1_316' title='bbox 1253 2307 1299 2346; x_wconf 90' lang='lat' dir='ltr'>ad</span> <span class='ocrx_word' id='word_1_317' title='bbox 1329 2308 1447 2359; x_wconf 91' lang='lat' dir='ltr'>pedes</span> <span class='ocrx_word' id='word_1_318' title='bbox 1472 2320 1517 2348; x_wconf 91' lang='lat' dir='ltr'>ac</span> 
     </span>
     <span class='ocr_line' id='line_1_38' title="bbox 104 2363 1516 2415; baseline 0.002 -14"><span class='ocrx_word' id='word_1_319' title='bbox 104 2363 340 2415; x_wconf 81' lang='lat' dir='ltr'>paronychia</span> <span class='ocrx_word' id='word_1_320' title='bbox 375 2375 463 2402; x_wconf 92' lang='lat' dir='ltr'>cum</span> <span class='ocrx_word' id='word_1_321' title='bbox 499 2364 650 2415; x_wconf 89' lang='lat' dir='ltr'>ingenti</span> <span class='ocrx_word' id='word_1_322' title='bbox 687 2364 898 2404; x_wconf 87' lang='lat' dir='ltr'>subtilitate</span> <span class='ocrx_word' id='word_1_323' title='bbox 937 2363 1175 2403; x_wconf 90' lang='lat' dir='ltr'>tollentibus.</span> <span class='ocrx_word' id='word_1_324' title='bbox 1215 2375 1259 2403; x_wconf 86' lang='lat' dir='ltr'>ac</span> <span class='ocrx_word' id='word_1_325' title='bbox 1289 2375 1339 2403; x_wconf 92' lang='lat' dir='ltr'>ne</span> <span class='ocrx_word' id='word_1_326' title='bbox 1369 2364 1408 2404; x_wconf 90' lang='lat' dir='ltr'>in</span> <span class='ocrx_word' id='word_1_327' title='bbox 1441 2364 1516 2404; x_wconf 90' lang='lat' dir='ltr'>hoc</span> 
     </span>
     <span class='ocr_line' id='line_1_39' title="bbox 104 2417 1516 2471; baseline 0.002 -14"><span class='ocrx_word' id='word_1_328' title='bbox 104 2417 259 2469; x_wconf 90' lang='lat' dir='ltr'>quidem</span> <span class='ocrx_word' id='word_1_329' title='bbox 279 2424 355 2458; x_wconf 89' lang='lat' dir='ltr'>tam</span> <span class='ocrx_word' id='word_1_330' title='bbox 377 2420 540 2459; x_wconf 89' lang='lat' dir='ltr'>molesto</span> <span class='ocrx_word' id='word_1_331' title='bbox 561 2420 742 2460; x_wconf 89' lang='lat' dir='ltr'>tacebant</span> <span class='ocrx_word' id='word_1_332' title='bbox 762 2420 913 2468; x_wconf 83' lang='lat' dir='ltr'>officio,</span> <span class='ocrx_word' id='word_1_333' title='bbox 944 2420 1009 2459; x_wconf 88' lang='lat' dir='ltr'>sed</span> <span class='ocrx_word' id='word_1_334' title='bbox 1032 2419 1157 2459; x_wconf 91' lang='lat' dir='ltr'>obiter</span> <span class='ocrx_word' id='word_1_335' title='bbox 1178 2419 1398 2460; x_wconf 91' lang='lat' dir='ltr'>cantabant.</span> <span class='ocrx_word' id='word_1_336' title='bbox 1443 2432 1516 2471; x_wconf 82' lang='lat' dir='ltr'>ego</span> 
     </span>
    </p>
   </div>
   <div class='ocr_carea' id='block_1_4' title="bbox 109 2489 375 2497">
    <p class='ocr_par' dir='ltr' id='par_1_4' title="bbox 109 2489 375 2497">
     <span class='ocr_line' id='line_1_40' title="bbox 109 2489 375 2497; baseline 0 395"><span class='ocrx_word' id='word_1_337' title='bbox 109 2489 375 2497; x_wconf 95' lang='lat' dir='ltr'> </span> 
     </span>
    </p>
   </div>
   <div class='ocr_carea' id='block_1_5' title="bbox 103 2518 1519 2697">
    <p class='ocr_par' dir='ltr' id='par_1_5' title="bbox 103 2518 1519 2684">
     <span class='ocr_line' id='line_1_41' title="bbox 217 2518 1519 2562; baseline 0.002 -11"><span class='ocrx_word' id='word_1_338' title='bbox 217 2519 237 2551; x_wconf 87' lang='lat'>2</span> <span class='ocrx_word' id='word_1_339' title='bbox 259 2518 364 2552; x_wconf 82' lang='lat' dir='ltr'>multa</span> <span class='ocrx_word' id='word_1_340' title='bbox 389 2518 455 2552; x_wconf 90' lang='lat' dir='ltr'>iam</span> <span class='ocrx_word' id='word_1_341' title='bbox 479 2518 589 2558; x_wconf 72' lang='lat' dir='ltr'>fuisse</span> <span class='ocrx_word' id='word_1_342' title='bbox 609 2522 695 2562; x_wconf 79' lang='lat' dir='ltr'>pulo</span> <span class='ocrx_word' id='word_1_343' title='bbox 720 2522 784 2552; x_wconf 82' lang='lat' dir='ltr'>aut</span> <span class='ocrx_word' id='word_1_344' title='bbox 811 2519 935 2553; x_wconf 89' lang='lat' dir='ltr'>multas</span> <span class='ocrx_word' id='word_1_345' title='bbox 960 2519 1201 2562; x_wconf 73' lang='lat' dir='ltr'>adiectumque</span> <span class='ocrx_word' id='word_1_346' title='bbox 1224 2521 1319 2553; x_wconf 79' lang='lat' dir='ltr'>inter</span> <span class='ocrx_word' id='word_1_347' title='bbox 1351 2521 1424 2553; x_wconf 83' lang='lat' dir='ltr'>alia</span> <span class='ocrx_word' id='word_1_348' title='bbox 1457 2530 1519 2553; x_wconf 81' lang='lat' dir='ltr'>no-</span> 
     </span>
     <span class='ocr_line' id='line_1_42' title="bbox 103 2561 1518 2610; baseline 0.002 -15"><span class='ocrx_word' id='word_1_349' title='bbox 103 2571 182 2595; x_wconf 77' lang='lat' dir='ltr'>men</span> <span class='ocrx_word' id='word_1_350' title='bbox 204 2561 217 2603; x_wconf 85' lang='grc' dir='ltr'>ΙΙ</span> <span class='ocrx_word' id='word_1_351' title='bbox 241 2564 260 2597; x_wconf 85' lang='grc'>3</span> <span class='ocrx_word' id='word_1_352' title='bbox 285 2573 482 2597; x_wconf 80' lang='lat' dir='ltr'>veneramus</span> <span class='ocrx_word' id='word_1_353' title='bbox 505 2564 534 2596; x_wconf 88' lang='lat' dir='ltr'><em>L</em></span> <span class='ocrx_word' id='word_1_354' title='bbox 557 2563 570 2608; x_wconf 76' lang='lat' dir='ltr'>fl</span> <span class='ocrx_word' id='word_1_355' title='bbox 593 2566 611 2598; x_wconf 82' lang='grc' dir='ltr'><strong><em>Ἰ</em></strong></span> <span class='ocrx_word' id='word_1_356' title='bbox 637 2564 695 2598; x_wconf 88' lang='lat' dir='ltr'>Cn.</span> <span class='ocrx_word' id='word_1_357' title='bbox 719 2564 730 2607; x_wconf 94' lang='grc' dir='ltr'>ΙΙ</span> <span class='ocrx_word' id='word_1_358' title='bbox 755 2565 775 2598; x_wconf 89' lang='grc'>8</span> <span class='ocrx_word' id='word_1_359' title='bbox 800 2564 902 2598; x_wconf 86' lang='lat' dir='ltr'>etiam</span> <span class='ocrx_word' id='word_1_360' title='bbox 927 2564 954 2597; x_wconf 86' lang='lat' dir='ltr'><em>L</em></span> <span class='ocrx_word' id='word_1_361' title='bbox 972 2563 985 2607; x_wconf 82' lang='grc' dir='ltr'>ΙΙ</span> <span class='ocrx_word' id='word_1_362' title='bbox 1004 2565 1043 2598; x_wconf 89' lang='grc'>18</span> <span class='ocrx_word' id='word_1_363' title='bbox 1069 2565 1192 2606; x_wconf 82' lang='lat' dir='ltr'>pariter</span> <span class='ocrx_word' id='word_1_364' title='bbox 1217 2575 1281 2598; x_wconf 85' lang='lat' dir='ltr'>om.</span> <span class='ocrx_word' id='word_1_365' title='bbox 1306 2564 1335 2598; x_wconf 91' lang='lat' dir='ltr'><em>L</em></span> <span class='ocrx_word' id='word_1_366' title='bbox 1351 2565 1364 2610; x_wconf 80' lang='grc' dir='ltr'>Ι</span> <span class='ocrx_word' id='word_1_367' title='bbox 1382 2567 1421 2600; x_wconf 88' lang='grc'>19</span> <span class='ocrx_word' id='word_1_368' title='bbox 1439 2569 1518 2598; x_wconf 87' lang='lat' dir='ltr'>ante</span> 
     </span>
     <span class='ocr_line' id='line_1_43' title="bbox 105 2605 1517 2684; baseline 0.003 -44"><span class='ocrx_word' id='word_1_369' title='bbox 105 2605 250 2684; x_wconf 48' lang='lat' dir='ltr'>{edesL</span> <span class='ocrx_word' id='word_1_370' title='bbox 274 2606 286 2652; x_wconf 92' lang='grc' dir='ltr'>ΙΙ</span> <span class='ocrx_word' id='word_1_371' title='bbox 310 2610 351 2642; x_wconf 85' lang='grc'>23</span> <span class='ocrx_word' id='word_1_372' title='bbox 376 2609 410 2641; x_wconf 92' lang='lat' dir='ltr'>in</span> <span class='ocrx_word' id='word_1_373' title='bbox 435 2609 585 2652; x_wconf 80' lang='lat' dir='ltr'>precario</span> <span class='ocrx_word' id='word_1_374' title='bbox 608 2608 622 2653; x_wconf 83' lang='grc' dir='ltr'>ΙΙ</span> <span class='ocrx_word' id='word_1_375' title='bbox 645 2610 686 2643; x_wconf 86' lang='grc'>26</span> <span class='ocrx_word' id='word_1_376' title='bbox 703 2609 887 2643; x_wconf 86' lang='lat' dir='ltr'>donaverat</span> <span class='ocrx_word' id='word_1_377' title='bbox 910 2609 1014 2643; x_wconf 85' lang='lat' dir='ltr'>cliens</span> <span class='ocrx_word' id='word_1_378' title='bbox 1040 2608 1175 2652; x_wconf 87' lang='lat' dir='ltr'>quidam</span> <span class='ocrx_word' id='word_1_379' title='bbox 1192 2609 1221 2643; x_wconf 90' lang='lat' dir='ltr'><em>L</em></span> <span class='ocrx_word' id='word_1_380' title='bbox 1245 2609 1258 2652; x_wconf 86' lang='grc' dir='ltr'>ΙΙ</span> <span class='ocrx_word' id='word_1_381' title='bbox 1282 2611 1322 2644; x_wconf 85' lang='grc'>28</span> <span class='ocrx_word' id='word_1_382' title='bbox 1349 2621 1425 2645; x_wconf 86' lang='lat' dir='ltr'>eum</span> <span class='ocrx_word' id='word_1_383' title='bbox 1452 2620 1517 2644; x_wconf 85' lang='lat' dir='ltr'>om.</span> 
     </span>
    </p>

    <p class='ocr_par' dir='ltr' id='par_1_6' title="bbox 156 2650 1270 2697">
     <span class='ocr_line' id='line_1_44' title="bbox 156 2650 1270 2697; baseline 0.001 -11"><span class='ocrx_word' id='word_1_384' title='bbox 156 2650 170 2696; x_wconf 89' lang='grc' dir='ltr'>Ι</span> <span class='ocrx_word' id='word_1_385' title='bbox 194 2653 236 2686; x_wconf 88' lang='grc'>30</span> <span class='ocrx_word' id='word_1_386' title='bbox 260 2653 474 2696; x_wconf 87' lang='lat' dir='ltr'>stupentibus</span> <span class='ocrx_word' id='word_1_387' title='bbox 492 2657 575 2696; x_wconf 74' lang='lat' dir='ltr'>post</span> <span class='ocrx_word' id='word_1_388' title='bbox 599 2654 692 2687; x_wconf 89' lang='lat' dir='ltr'>basia</span> <span class='ocrx_word' id='word_1_389' title='bbox 716 2653 744 2687; x_wconf 90' lang='lat' dir='ltr'><em>L</em></span> <span class='ocrx_word' id='word_1_390' title='bbox 769 2655 919 2688; x_wconf 79' lang='lat' dir='ltr'>collocat</span> <span class='ocrx_word' id='word_1_391' title='bbox 941 2654 952 2696; x_wconf 79' lang='lat' dir='ltr'>ll</span> <span class='ocrx_word' id='word_1_392' title='bbox 976 2655 1018 2688; x_wconf 81' lang='lat'>35</span> <span class='ocrx_word' id='word_1_393' title='bbox 1042 2654 1208 2697; x_wconf 86' lang='lat' dir='ltr'>ped...ad</span> <span class='ocrx_word' id='word_1_394' title='bbox 1233 2655 1270 2687; x_wconf 85' lang='lat' dir='ltr'><em>H</em></span> 
     </span>
    </p>
   </div>
   <div class='ocr_carea' id='block_1_6' title="bbox 0 1029 39 2892">
    <p class='ocr_par' dir='ltr' id='par_1_7' title="bbox 0 1029 39 2892">
     <span class='ocr_line' id='line_1_45' title="bbox 0 1029 39 2892; baseline 0 0"><span class='ocrx_word' id='word_1_395' title='bbox 0 1029 39 2892; x_wconf 95' lang='lat' dir='ltr'> </span> 
     </span>
    </p>
   </div>
  </div>
 </body>
</html>
