1728 2886
648 127 835 162 SATIRAE
1401 129 1453 168 65

20 226 236 309 Qonitus,
276 247 512 293 secutusque
551 241 747 282 labentem
778 242 914 282 eodem
945 243 1183 282 ferramento
1213 243 1261 282 ad
1291 250 1459 283 mottem

27 306 126 347 unm
157 310 335 349 quaero.-
358 298 424 338 sed
449 310 578 350 neque
599 298 714 337 Giton
738 298 815 338 ulla
837 304 920 338 erat
940 299 1163 351 suspicione
1184 299 1356 340 vulneris
1377 300 1456 340 lae-

24 351 114 403 fiis,
145 367 274 406 neque
299 367 371 406 ego
393 355 515 394 ullum
535 354 752 394 sentiebam
774 355 963 394 dolorem.
1012 355 1120 395 rudis
1141 356 1246 396 enim
1269 357 1457 396 novacula

26 406 68 460 ᾀ
95 411 134 450 in
166 411 240 450 hoc
262 417 410 459 retusa,
444 417 485 450 ut
504 411 637 463 pueris
657 410 901 451 discentibus
921 412 1119 451 audaciam
1139 414 1314 453 tonsoris
1333 413 1455 461 daret,

14 463 264 525 hetruxerat
293 468 457 507 thecam.
497 467 663 518 ideoque
696 479 770 506 nec
799 468 1095 507 mercennarius
1125 469 1171 508 ad
1203 475 1368 534 raptum
1378 471 1456 510 fer-

28 529 247 571 ramentum
288 528 511 578 expaverat,
550 536 624 563 nec
653 522 871 575 Eumolpus
910 524 1226 575 interpellaverat
1262 526 1457 566 mimicam

26 584 207 621 mortem.

138 635 144 689 Ι
171 637 262 675 dum
292 636 388 675 haec
418 636 546 676 fabula
576 636 681 676 inter
710 642 884 676 amantes
914 636 1081 685 luditur,
1121 637 1337 677 deve1sitor
1367 650 1456 678 cum
1470 639 1525 679 95

28 698 139 744 parte
170 693 333 732 cenulae
364 693 594 741 intervenit,
625 693 991 744 contemplatusque
1021 693 1282 734 foedissimam
1307 694 1456 734 voluta-

26 748 176 788 tionem
197 749 406 788 iacentium
429 749 551 801 ‘rogo’
573 750 701 800 inquit
721 749 832 788 ‘ebrii
854 750 956 800 estis,
975 762 1024 788 an
1048 749 1208 802 fugitivi,
1231 763 1281 790 an
1303 757 1457 791 utrum-

30 803 136 856 que?
166 806 255 857 quis
283 812 414 845 autem
443 805 647 857 grabatum
670 806 775 845 illum
808 806 950 854 erexit,
983 812 1050 846 aut
1070 806 1162 858 quid
1184 806 1256 846 sibi
1279 807 1359 847 vult
1378 813 1458 847 tam

30 860 168 901 furtiva
190 861 368 901 molitio?
397 875 466 902 vos
485 862 730 902 mehercules
752 875 800 902 ne
823 862 1044 902 mercedem
1066 863 1185 902 cellae
1207 864 1370 912 daretis,
1396 865 1458 904 fu-

29 928 123 971 gere
154 924 269 958 nocte
299 918 338 957 in
370 918 569 970 publicum
601 918 788 958 voluistis.
827 919 895 959 sed
927 932 1008 958 non
1040 920 1214 971 impune.
1254 921 1330 960 iam
1352 921 1458 960 enim

30 972 118 1018 faxo
146 974 278 1014 sciatis
299 987 379 1013 non
402 975 538 1014 viduae
559 975 659 1014 hanc
680 975 847 1014 insulam
870 987 954 1015 esse
976 976 1042 1015 sed
1066 976 1115 1015 M.
1133 975 1344 1016 Mannicii’.
1390 990 1458 1017 ex-

30 1029 169 1071 clamat
187 1030 404 1082 Eumolpus
434 1031 563 1070 ‘etiam
593 1029 796 1070 minaris?'
840 1031 1035 1083 simulque
1067 1045 1110 1071 os
1140 1033 1310 1073 hominis
1330 1034 1458 1085 palma

31 1087 299 1129 excussissima
339 1087 479 1150 pulsat.
519 1087 583 1126 ille
617 1093 675 1126 tot
704 1087 903 1139 hospitum
934 1088 1162 1140 potionibus
1191 1089 1358 1128 liberum
1389 1102 1457 1130 ur-

31 1142 184 1192 ceolum
204 1143 383 1183 fictilem
375 1156 415 1182 in
432 1143 615 1195 Eumolpi
633 1149 750 1195 caput
766 1144 955 1184 iaculatus
971 1150 1029 1184 est
1045 1145 1235 1196 solvitque
1253 1146 1457 1186 clamantis

31 1198 200 1241 frontem
231 1206 270 1239 et
298 1199 346 1239 de
377 1199 472 1239 cella
493 1212 534 1239 se
554 1200 761 1252 proripuit
802 1200 1019 1264 Eumolpus
1049 1201 1342 1242 contumeliae
1332 1215 1457 1255 1mpa-

31 1254 133 1303 tiens
159 1256 261 1308 rapit
290 1256 462 1307 ligneum
492 1256 772 1296 candelabrum
802 1257 1058 1309 sequiturque
1078 1257 1289 1298 abeuntem
1312 1265 1351 1298 et
1371 1271 1458 1299 cre-

30 1310 210 1352 berrimis
238 1312 380 1352 ictibus
410 1313 662 1365 supercilium
694 1325 831 1355 suum
839 1313 1022 1353 vindicat.
1083 1315 1125 1353 fit
1154 1327 1373 1356 concursus
1404 1317 1459 1355 fa-

30 1367 155 1413 miliae
195 1369 472 1421 hospitumque
510 1369 710 1409 ebriorum
750 1370 985 1421 frequentia.
1046 1383 1118 1421 ego
1157 1378 1288 1412 autem
1319 1378 1458 1412 nactus

30 1425 275 1465 occasionem
310 1425 502 1465 vindictae
533 1425 769 1478 Eumolpum
801 1427 986 1474 excludo,
1018 1428 1246 1479 redditaque
1277 1429 1457 1468 scordalo

29 1481 112 1522 vice
131 1481 216 1522 sine
237 1482 390 1521 aemulo
411 1482 558 1522 scilicet
585 1488 623 1521 et
644 1482 738 1522 cella
760 1488 849 1522 utor
870 1489 908 1522 et
930 1489 1056 1523 nocte.

141 1537 297 1578 interim
336 1543 514 1578 coctores
553 1539 808 1590 insulariique
845 1539 1022 1579 mulcant
1061 1540 1262 1580 exclusum
1293 1545 1331 1579 et
1361 1540 1458 1581 alius

28 1605 123 1634 veru
143 1595 240 1634 extis
259 1594 516 1635 stridentibus
537 1594 699 1646 plenum
720 1595 759 1634 in
784 1596 918 1636 oculos
935 1596 1018 1635 eius
1033 1596 1212 1644 intentat,
1235 1596 1332 1636 alius
1348 1597 1458 1637 furca

29 1650 78 1692 de
108 1651 287 1690 carnario
318 1657 426 1703 rapta
456 1657 598 1691 statum
621 1651 850 1703 proeliantis
871 1653 1086 1704 componit.
1128 1665 1227 1692 anus
1247 1653 1458 1705 praecipue

28 1705 147 1759 lippa,
169 1707 434 1747 sordidissimo
455 1708 676 1759 praecincta
697 1708 833 1755 linteo,
855 1709 972 1748 soleis
993 1709 1133 1760 ligneis
1154 1709 1368 1761 imparibus
1384 1710 1458 1749 im-

31 1763 178 1816 posita,
209 1775 346 1803 canem
369 1763 540 1814 ingentis
559 1764 839 1815 magnitudinis
861 1771 997 1804 catena
1018 1766 1138 1805 trahit
1158 1765 1394 1817 instigatque
1417 1767 1457 1806 in

32 1817 266 1871 Eumolpon.
307 1820 372 1860 sed
403 1820 467 1859 ille
496 1820 729 1860 candelabro
760 1834 801 1860 se
823 1820 872 1860 ab
899 1822 1006 1860 omni
1028 1821 1203 1873 periculo
1226 1821 1457 1862 vindicabat.

31 1874 251 1917 videbamus
282 1889 355 1915 nos
386 1877 516 1915 omnia
533 1888 604 1928 per
625 1878 804 1917 foramen
827 1877 968 1926 valvae,
990 1878 1096 1930 quod
1116 1879 1232 1930 paulo
1254 1884 1344 1918 ante
1365 1891 1458 1919 ansa
1473 1884 1526 1924 96

34 1931 159 1979 ostioli
189 1938 302 1985 rupta
327 1933 540 1981 laxaverat,
570 1933 822 1985 favebamque
844 1947 917 1985 ego
939 1935 1147 1986 vapulanti.
1189 1935 1305 1974 Giton
1329 1941 1459 1975 autem

26 1994 114 2036 'uon
145 1988 290 2029 oblitus
318 1989 606 2029 misericordiae
636 2002 728 2029 suae
750 1991 1004 2030 reserandum
1027 2004 1111 2031 esse
1132 1992 1276 2030 ostium
1297 2004 1459 2031 succur-

35 2043 279 2109 nudumque
308 2045 545 2109 periclitanti
576 2047 774 2086 censebat.
815 2060 888 2110 ego
919 2047 1086 2087 durante
1111 2048 1237 2086 adhuc
1259 2047 1459 2088 iracundia

38 2111 117 2149 Qun
143 2101 322 2142 continui
343 2114 523 2150 manum,
554 2103 621 2142 sed
645 2109 762 2155 caput
782 2104 1003 2143 miserantis
1023 2104 1158 2143 stricto
1180 2110 1375 2156 acutoque
1397 2117 1459 2144 ar-

34 2155 152 2209 ticulo
172 2158 359 2211 percussi.
391 2164 430 2198 et
450 2159 514 2199 ille
535 2159 691 2211 quidem
714 2160 814 2200 ssens
835 2160 1043 2200 consedit
1035 2173 1073 2199 in
1092 2160 1205 2199 lecto.
1238 2173 1310 2212 ego
1328 2167 1458 2200 autem

38 2211 207 2259 alternos
236 2215 482 2267 opponebam
513 2216 694 2255 foramini
715 2217 881 2256 oculos
873 2217 1093 2268 iniuriaque
1116 2216 1297 2269 Eumolpi
1325 2215 1331 2269 Ι
1357 2218 1461 2257 velut

37 2269 204 2323 quodam
241 2271 331 2311 cibo
370 2284 431 2312 me
462 2271 661 2324 replebam
688 2271 694 2325 Ι
720 2274 1093 2325 advocationemque
1123 2273 1459 2322 commendabam,

39 2336 127 2375 mm
145 2333 377 2379 procurator
397 2328 547 2368 insulae
562 2329 748 2380 Bargates
767 2342 787 2369 a
809 2342 907 2369 cena
927 2330 1116 2370 excitatus
1137 2342 1158 2369 a
1178 2330 1331 2370 duobus
1351 2330 1459 2370 lecti-

40 2382 152 2423 curiis
171 2383 210 2423 in
233 2384 397 2424 mediam
419 2385 538 2424 rixam
562 2387 777 2438 perfertur;
801 2398 888 2425 nam
911 2392 994 2426 erat
1015 2386 1130 2425 etiam
1151 2385 1316 2438 pedibus
1331 2399 1459 2438 aeger.

40 2436 74 2480 ἰι
89 2443 135 2479 ut
152 2439 303 2480 rabiosa
320 2440 564 2493 barbaraque
581 2454 674 2481 voce
691 2442 730 2481 in
749 2443 878 2482 ebrios
895 2443 1154 2494 fugitivosque
1170 2443 1235 2483 diu
1254 2444 1460 2495 peroravit,

153 2529 194 2563 16
217 2509 303 2563 Ιίὶκειἰ
327 2530 354 2562 0
370 2530 382 2573 ΙΙ
400 2531 443 2564 36
467 2529 691 2573 iniuriamque
715 2530 871 2574 Eumolpi
896 2530 1224 2574 advocationemque
1248 2533 1406 2574 iungunt
1424 2532 1461 2572 0,

40 2548 246 2654 menteque
280 2574 436 2619 Eumolpi
474 2575 733 2609 advocationem
772 2575 1026 2610 commodabam
1063 2577 1127 2617 (sic
1150 2577 1335 2610 Parisinus
1358 2577 1460 2618 8049)

111 2615 211 2661 liger,
234 2622 269 2653 et
292 2619 398 2654 veluti
423 2620 569 2664 quodam
595 2621 670 2654 cibo
696 2631 749 2655 me
773 2621 945 2665 replebam
970 2631 1046 2655 cum
1069 2622 1235 2655 Pithoeus

111 2676 240 2707 Petronii
258 2679 368 2708 satirae
390 2680 436 2709 ed.
457 2680 496 2708 lu
1171 2679 1190 2710 5
