1728 2886
681 121 928 157 MENIPPEAE
1438 122 1516 165 193

733 236 804 276 1111
842 238 865 277 2

53 323 55 325 .
237 291 298 332 sin
321 298 449 332 autem
470 293 737 333 delectationis
758 238 882 334 cau(sa)
892 294 1108 341 venamini,
1137 301 1284 346 quanto
1313 295 1432 336 satius
1461 302 1520 335 est
1548 301 1606 335 296

50 375 61 397 ·.
97 348 211 388 salvis
240 349 424 431 ciiuribus
453 349 491 388 in
524 349 629 389 circo
658 356 834 402 spectare
855 363 973 402 quam
1002 351 1062 391 his
1083 351 1343 391 descobinatis
1364 352 1403 391 in
1426 351 1517 392 silva

52 418 54 420 ’
93 417 276 444 cursare.

753 462 784 499 V
806 464 862 510 (9)

237 518 328 569 quid
352 518 414 557 hic
435 525 597 557 venator
618 531 698 557 non
721 517 854 570 cepit?
1549 527 1606 560 297

733 586 782 625 VI
802 584 892 637 (10)

237 654 353 694 quem
374 642 519 682 idcirco
539 648 642 681 terra
665 655 744 682 non
767 643 870 694 cepit
891 649 930 682 et
950 643 1100 683 caelum
1122 643 1270 696 recepit
1549 650 1606 684 298

235 766 333 805 adde
368 766 529 819 hydram
552 710 1081 807 Len-naeagsseffliraconem
1103 767 1381 820 Hesperidum:
1425 774 1520 820 quot
1548 775 1606 808 299

41 839 43 842 ⁴
96 822 242 862 bestiae
264 823 424 862 fuerunt
443 823 632 863 immanes

726 879 810 918 VIII
829 881 890 931 (6)

237 935 269 975 si
292 948 371 975 non
394 935 502 974 malit
521 935 578 974 vir
597 936 763 975 vir-acius
785 948 946 975 uxorem
968 936 1110 976 habere
1132 937 1347 976 Atalantam
1547 944 1603 978 300

720 1014 823 1053 VIIII
845 1017 902 1063 (4)

238 1082 318 1108 non
336 1070 451 1109 modo
467 1070 570 1109 suris
583 1071 740 1122 apertis,
757 1071 822 1110 sed
841 1084 963 1123 paene
982 1071 1140 1111 natibus
1156 1072 1300 1124 apertis
1314 1071 1518 1112 ambulans
1549 1080 1604 1113 301

745 1149 780 1188 X
803 1150 860 1201 (5)

8 1220 28 1254 ῃ
236 1217 324 1244 cum
347 1205 460 1245 etiam
482 1205 598 1244 Thais
619 1205 821 1245 Menandri
856 1206 1029 1246 tunicam
1066 1206 1270 1247 demissam
1300 1207 1439 1247 habeat
1469 1207 1517 1247 ad
1549 1217 1606 1250 302

9 1274 35 1316 :⁴
94 1261 193 1302 talos

26 1322 31 1324 “
728 1318 779 1358 XI
800 1319 885 1369 (11)

236 1374 355 1414 sunus
384 1374 575 1426 exequiati
603 1374 706 1414 laute
734 1376 780 1415 ad
801 1376 1027 1427 sepulcrum
1056 1376 1217 1427 antiquo
1239 1388 1347 1416 more
1367 1377 1516 1418 silicer-
1551 1386 1607 1420 303

95 1431 204 1471 nium
225 1430 467 1471 confecimus
486 1431 539 1482 [id
559 1437 618 1471 est
638 1430 939 1486 περίδειπνον]
969 1445 992 1471 α
1021 1444 1098 1484 quo
1119 1433 1254 1485 pransi
1275 1433 1519 1475 discedentes

93 1487 261 1527 dicimus
282 1487 379 1527 alius
399 1487 462 1527 alii
485 1487 591 1527 ‘vale’

729 1575 890 1610 MODIVS

765 1639 781 1685 Ῐ
803 1646 858 1697 (1)

367 1701 433 1741 sed
455 1705 478 1741 ό
502 1702 682 1749 Petrulle,
704 1705 754 1742 ne
777 1714 908 1742 meum
930 1705 1026 1742 taxis
1046 1702 1203 1750 librum,
1550 1715 1607 1749 304

365 1758 396 1798 si
417 1765 456 1798 te
479 1760 686 1811 pepugerit
705 1759 768 1798 hic
789 1759 928 1799 modus
947 1759 1166 1800 scaenatilis

755 1838 790 1877 II
811 1837 868 1891 (2)

365 1893 396 1933 si
418 1894 638 1946 displicebit
657 1897 735 1934 tam
756 1895 825 1934 tibi
846 1894 964 1934 latum
985 1906 1091 1934 mare
1548 1908 1605 1941 305

363 1951 483 2002 partis
503 1957 692 2003 quantum
713 1951 919 2004 spongiam
940 1949 1134 1990 deletilem

748 2030 801 2069 lII
823 2031 881 2081 (3)

769 2089 860 2138 equi
879 2086 1000 2138 gradu
1020 2085 1161 2126 tolutili
1548 2099 1606 2133 306

368 2141 490 2181 timidi
517 2154 642 2194 usque
662 2148 745 2183 tute
764 2142 934 2183 molliter
953 2149 1087 2183 vectus
1108 2143 1184 2183 cito

366 2197 563 2250 relinquat

210 2310 275 2344 296
299 2308 345 2343 Ν.
363 2319 401 2352 p.
425 2310 469 2343 99
493 2308 721 2343 descobinatis
752 2305 769 2352 Ι’
790 2310 926 2353 spatiari
951 2309 1134 2343 Madvicue
1160 2309 1166 2354 Ι
1193 2319 1307 2344 curare
1340 2309 1353 2354 ΙΙ
1385 2311 1448 2346 297
1474 2309 1519 2345 N.

92 2365 130 2398 p.
147 2356 213 2390 253
237 2364 358 2398 capere
385 2354 398 2398 ΙΙ
428 2355 494 2389 298
517 2353 562 2389 Ν.
584 2365 619 2397 p.
644 2356 710 2389 253
734 2364 854 2397 capere
882 2354 896 2399 ΙΙ
923 2357 987 2390 299
1012 2354 1056 2390 Ν.
1071 2365 1107 2398 p.
1133 2356 1197 2389 323
1222 2355 1367 2389 Immune
1393 2355 1399 2400 Ι
1420 2359 1520 2400 quot-

96 2404 181 2444 quot
204 2400 244 2434 L.
270 2399 460 2435 Muellerus
487 2398 500 2443 ΙΙ
527 2401 591 2434 300
616 2399 660 2433 Ν.
683 2410 718 2442 p.
745 2400 806 2434 187
832 2400 980 2434 veroium
1010 2402 1023 2443 ΙΙ
1050 2401 1112 2435 301
1140 2399 1184 2434 Ν.
1206 2411 1240 2444 p.
1266 2401 1331 2435 236
1354 2402 1484 2446 aperire
1510 2400 1515 2444 Ι

97 2445 222 2489 aperus
246 2445 397 2479 alterum
421 2444 558 2478 delebat
582 2444 739 2489 Guyetus
770 2444 784 2489 1(
815 2446 881 2479 302
905 2445 949 2479 N.
968 2455 1006 2488 p.
1031 2446 1096 2480 286
1126 2445 1304 2480 demittere
1336 2449 1371 2480 et
1388 2457 1426 2491 p.
1451 2448 1518 2483 536

96 2490 207 2524 tunica
224 2490 237 2533 Ι
257 2491 323 2525 303
347 2489 390 2524 Ν.
411 2500 446 2533 p.
470 2491 513 2524 48
537 2490 742 2524 silicernium
763 2493 768 2532 Ι
789 2490 969 2534 exiquiatis
992 2489 1092 2525 lande

209 2537 276 2570 304
300 2534 344 2569 Ν.
366 2545 402 2579 p.
429 2536 492 2569 176
525 2534 696 2569 scenatilis
720 2538 753 2568 οι
771 2546 808 2579 p.
835 2537 899 2570 180
923 2535 1011 2569 taxis
1031 2536 1037 2578 Ι
1058 2538 1092 2569 te
1116 2535 1255 2580 pepigat
1278 2536 1362 2572 haec
1381 2537 1484 2573 modo

98 2581 164 2616 305
188 2579 233 2614 Ν.
256 2591 292 2624 p.
315 2582 360 2615 96
383 2579 522 2614 deletile
549 2579 556 2625 Ι
582 2584 699 2624 parato
724 2579 886 2623 Scaliger
916 2584 1047 2615 tantum
1070 2581 1205 2615 Iunius.
1250 2585 1360 2616 metro
1382 2582 1520 2626 sufficit

97 2630 281 2669 sequantur
297 2625 310 2669 Ι
328 2624 449 2660 306Ν.
465 2635 502 2667 p.
524 2627 563 2660 17
590 2624 763 2670 gradarius
783 2628 789 2668 Ι
809 2636 851 2659 an
875 2626 933 2670 qui
957 2626 1063 2670 gradu
1082 2626 1089 2670 Ι
1110 2630 1144 2661 te
1167 2626 1297 2662 medius
1320 2637 1421 2672 quum
1446 2633 1518 2664 tute

166 2679 297 2709 Petronii
316 2680 425 2708 satirae
447 2679 494 2709 ed.
515 2679 554 2708 111
1208 2683 1248 2718 13
