1780 2892
77 282 108 316 L

64 788 101 822 10

66 1068 104 1102 15

75 1348 113 1382 m

78 1714 117 1748 25

738 156 922 191 SATIRAE
1489 149 1539 188 13

124 282 163 316 et
181 274 374 316 sordidam
395 279 531 313 tenere
552 271 754 324 coepimus
782 271 953 310 tunicam
985 276 1102 322 atque
1133 271 1266 310 eadem
1287 271 1428 311 invidia
1450 282 1543 323 pro-

123 332 309 379 clamare,
341 335 472 370 nostra
494 341 578 369 esse
598 327 721 380 spolia
742 339 841 378 quae
866 326 920 365 illi
950 327 1208 378 possiderent.
1259 328 1325 368 sed
1347 327 1455 367 n'ullo
1477 339 1545 379 ge-

125 400 219 429 nere
248 399 320 439 par
350 391 432 426 erat
461 397 593 432 causa,
625 380 748 438 [nam]
772 388 810 422 et
830 383 1030 423 coctiones
1060 384 1127 435 qui
1148 385 1192 423 ad
1219 384 1428 423 clamorem
1449 395 1545 423 con-

124 445 334 491 fluxerant,
366 448 536 482 nostram
558 440 704 481 scilicet
722 440 770 479 de
790 451 899 478 more
921 439 1101 479 ridebant
1123 440 1326 489 invidiam,
1347 440 1451 492 quod
1472 451 1545 492 pro

125 501 187 541 illa
208 506 319 552 parte
339 498 587 538 vindicabant
605 495 922 549 pretiosissimam
943 500 1100 544 vestem,
1123 509 1195 547 pro
1217 497 1288 535 hac
1309 497 1546 549 pannuciam

126 569 176 598 ne
197 555 432 596 centonibus
453 554 609 606 quidem
638 552 753 592 bonis
782 553 950 603 dignam.
994 552 1087 591 hinc
1107 552 1283 605 Ascyltos
1303 553 1405 593 bene
1426 553 1548 593 risum

126 613 324 658 discussit,
356 611 422 663 qui
451 610 605 650 silentio
637 610 737 648 sacto
769 608 965 648 ‘videmus’
986 608 1113 659 inquit
1143 613 1263 648 ‘suam
1294 610 1437 661 cuique
1466 621 1547 649 rem
1565 610 1616 650 15

128 681 210 710 esse
251 668 507 715 carissimam3
545 665 709 705 reddant
747 665 860 705 nobis
899 664 1071 704 tunicam
1111 671 1285 705 nostram
1324 672 1362 705 et
1391 665 1550 718 pallium

128 738 241 766 suum
277 723 493 776 recipiant!
547 722 618 762 etsi
652 722 798 762 rustico
833 720 1066 772 mulierique
1101 721 1279 773 placebat
1303 723 1550 774 permutatio,

130 781 302 822 advocati
320 787 450 820 tamen
473 780 546 819 iam
569 791 670 830 pene
693 778 890 826 nocturni,
913 777 980 828 qui
995 777 1178 818 volebant
1197 778 1355 830 pallium
1374 778 1474 818 lucri
1494 780 1552 819 fa-

130 850 232 885 cere,
253 837 475 889 flagitabant
494 836 550 875 uti
571 835 672 886 apud
694 847 735 874 se
758 840 921 885 utraque
937 834 1231 885 deponerentur
1247 847 1290 875 ac
1310 841 1469 887 postero
1491 837 1553 876 die

131 895 245 934 iudex
267 893 477 945 querellam
494 892 716 943 inspiceret.
758 902 886 941 neque
908 890 1013 930 enim
1041 902 1103 930 res
1124 897 1297 940 tantum,
1329 904 1428 943 quae
1447 893 1554 933 vide-

131 956 288 998 rentur,
320 950 360 989 in
383 948 685 988 controversiam
708 945 910 998 esse,ssed
939 947 1056 997 longe
1086 947 1189 987 aliud
1210 948 1365 999 quaeri,
1396 951 1495 1001 quod
1513 949 1553 989 in

131 1012 298 1058 utraque
317 1011 426 1058 parte
447 1005 595 1044 scilicet
614 1003 807 1043 latrocinii
829 1002 999 1055 suspicio
1015 1003 1237 1043 haberetur.
1268 1005 1341 1044 iam
1363 1007 1556 1057 sequestri

134 1062 359 1116 placebant,
382 1067 420 1101 et
441 1061 572 1101 nescio
594 1061 681 1112 quis
701 1072 747 1099 ex
769 1058 1034 1106 coctionibus,
1060 1059 1210 1108 calvus,
1242 1061 1556 1103 tuberosissimae

134 1120 295 1167 frontis,
327 1118 392 1170 qui
413 1117 562 1158 solebat
582 1116 788 1168 aliquando
811 1116 923 1155 etiam
945 1127 1078 1156 causas
1098 1128 1232 1167 agere,
1262 1117 1454 1157 invaserat
1474 1119 1557 1171 pal-

135 1175 228 1215 lium
260 1174 599 1225 exhibiturumque
630 1173 798 1212 crastino
829 1172 891 1211 die
921 1171 1150 1212 affirmabat.
1200 1180 1373 1214 ceterum
1394 1187 1559 1227 appare-

136 1231 203 1272 bat
231 1232 328 1271 nihil
358 1231 459 1271 aliud
489 1230 623 1282 quaeri
653 1229 727 1269 nisi
757 1234 801 1268 ut
830 1229 950 1268 semel
979 1229 1152 1280 deposita
1175 1230 1292 1270 vestis
1321 1231 1425 1271 inter
1445 1244 1558 1284 prae-

139 1288 260 1328 dones
288 1287 616 1339 strangularetur,
648 1291 687 1325 et
717 1298 790 1325 nos
820 1291 926 1325 metu
956 1285 1130 1326 criminis
1160 1299 1241 1326 non
1271 1287 1494 1329 veniremus
1513 1290 1558 1329 ad

140 1345 406 1385 constitutum.

253 1422 353 1462 idem
375 1422 490 1474 plane
512 1427 549 1462 et
570 1434 642 1461 nos
657 1419 892 1460 volebamus.
923 1420 1053 1472 itaque
1068 1421 1272 1473 utriusque
1288 1422 1409 1474 partis
1428 1429 1561 1463 votum

144 1491 254 1519 casus
269 1478 420 1519 adiuvit.
450 1478 674 1530 indignatus
690 1477 793 1516 enim
809 1476 990 1525 rusticus,
1013 1478 1116 1528 quod
1135 1491 1208 1518 nos
1223 1484 1432 1519 centonem
1455 1481 1563 1520 exhi-

142 1535 314 1576 bendum
335 1534 639 1587 postularemus,
670 1533 775 1573 misit
804 1533 843 1572 in
875 1533 1010 1572 faciem
1032 1534 1175 1586 Ascylti
1205 1535 1379 1575 tunicam
1409 1541 1448 1576 et
1466 1536 1564 1577 libe-

145 1597 248 1632 ratos
269 1590 439 1643 querella
459 1591 570 1630 iussit
591 1589 747 1642 pallium
770 1589 979 1641 deponere,
1004 1590 1107 1641 quod
1129 1591 1254 1631 solum
1274 1591 1380 1631 litem
1400 1592 1566 1633 faciebat

844 1660 865 1683 *

257 1710 295 1744 et
314 1709 557 1755 recuperato,
579 1707 621 1741 ut
635 1701 881 1754 putabamus,
901 1701 1084 1742 thesauro
1106 1703 1146 1742 in
1168 1703 1430 1744 deversorium
1451 1717 1565 1756 prae-

149 1760 283 1812 cipites
313 1759 461 1800 abimus
491 1758 780 1811 praeclusisque
811 1757 960 1798 foribus
990 1758 1118 1798 ridere
1148 1772 1311 1800 acumen
1335 1773 1415 1800 non
1436 1761 1567 1802 minus

149 1816 369 1856 coctionum
398 1828 511 1867 quam
542 1814 860 1855 calumniantium
892 1815 1114 1866 coepimus,
1145 1817 1248 1868 quod
1281 1815 1395 1857 nobis
1415 1817 1567 1869 ingenti

149 1872 354 1912 calliditate
375 1872 578 1924 pecuniam
600 1871 868 1910 reddidissent.

417 1928 508 1968 nolo
530 1927 635 1980 quod
656 1927 783 1978 cupio,
804 1927 930 1967 statim
952 1931 1099 1977 tenere,

85 1994 123 2028 80
417 1997 490 2024 1100
510 1984 667 2024 victoria
687 1983 739 2023 mi
760 1983 887 2036 placet
907 1989 1039 2036 parata

85 2097 145 2132 LO
266 2095 272 2150 Ι
298 2096 364 2136 sed
394 2102 438 2136 ut
466 2095 634 2148 primum
664 2054 867 2136 beneficio*
887 2096 1039 2137 Gitonis
1073 2103 1298 2149 praeparata
1330 2111 1401 2138 nos
1431 2098 1567 2151 imple·
1585 2096 1634 2137 16

151 2152 273 2192 vimus
293 2165 401 2199 cena,
428 2153 568 2193 ostium
591 2165 670 2192 non
693 2153 784 2193 satis
804 2153 939 2193 audaci
959 2153 1124 2206 strepitu
1145 2154 1325 2194 exsonuit
1345 2154 1568 2207 impulsum.

263 2253 349 2281 cum
371 2247 409 2282 et
427 2242 500 2295 ipsi
522 2254 614 2294 ergo
636 2243 766 2294 pallidi
787 2255 1027 2294 rogaremus,
1050 2244 1137 2295 quis
1157 2249 1270 2293 esset,
1293 2244 1424 2296 ‘aperi’
1443 2245 1572 2297 inquit

153 2297 242 2338 ‘iam
262 2298 383 2338 scies’.
431 2299 602 2351 dumque
632 2300 848 2351 loquimur,
879 2312 964 2340 sera
995 2312 1062 2340 sua
1093 2306 1233 2352 sponte
1259 2300 1411 2353 delapsa
1433 2302 1571 2341 cecidit

152 2354 402 2406 reclusaeque
430 2355 559 2396 subito
589 2356 693 2395 fores
723 2355 963 2396 admiserunt
992 2357 1217 2396 intrantem.
1272 2357 1412 2397 mulier
1441 2363 1570 2398 autem

265 2466 284 2499 3
299 2468 386 2507 nam]
405 2469 517 2499 nostra
535 2465 776 2500 Tornaesiana
793 2466 798 2507 l
814 2467 994 2500 conciones
1009 2477 1112 2511 quae:
1131 2469 1214 2500 item
1230 2466 1330 2507 infra
1346 2470 1385 2503 15
1401 2469 1571 2502 concioni-

154 2510 216 2544 bus
241 2512 274 2543 et
289 2511 330 2544 27
349 2511 545 2545 concionum
563 2511 614 2555 114
631 2513 858 2555 expectabam
882 2522 944 2546 nos
968 2523 994 2546 s.
1013 2512 1045 2545 d.
1063 2523 1106 2546 m.
1131 2512 1296 2553 ridebant,
1321 2513 1412 2557 quod
1433 2525 1465 2558 p.
1490 2515 1512 2547 i.
1537 2525 1570 2558 p.

154 2554 314 2589 vindicari
331 2555 489 2589 videbant
505 2556 518 2600 ss
536 2557 556 2591 6
573 2566 659 2599 pene
680 2560 684 2599 Ι
706 2557 809 2590 rixam
828 2558 1006 2590 Jacobscus
1022 2557 1034 2602 11
1054 2560 1071 2590 7
1090 2557 1264 2592 videamus
1283 2557 1295 2602 ΙΙ
1314 2561 1353 2593 10
1367 2561 1406 2592 in
1422 2562 1570 2592 mentem

154 2601 242 2633 mihi
263 2602 358 2633 venit
381 2610 454 2634 eam
479 2602 669 2645 impedituri
694 2602 771 2646 quia
791 2601 863 2646 1113
894 2602 927 2635 in
960 2606 1032 2636 utra
1059 2606 1152 2645 parte
1177 2603 1308 2636 Daniel
1321 2603 1333 2648 ΙΙ
1353 2605 1395 2638 32
1419 2602 1573 2644 fortasse

157 2645 279 2679 ostium
304 2648 455 2679 nostrum
475 2646 480 2690 Ι
502 2647 658 2680 exsonuit
679 2658 745 2691 pro
771 2647 883 2681 sonuit
906 2649 1085 2681 novicium
1103 2647 1115 2691 ΙΙ
1133 2649 1174 2682 35
1199 2649 1428 2693 remissaeque
1457 2649 1483 2682 0
