1728 2886
653 127 902 164 ΜΕΝΙΡΡΕΑΕ
1403 126 1484 166 187

705 243 758 282 111
780 243 835 294 (2)

1082 299 1183 352 siqui
1206 299 1384 352 patriam,
1515 303 1573 337 235

257 354 443 393 maiorem
466 357 668 406 parentem
687 355 890 407 extinguit,
915 359 955 395 in
979 369 1025 395 eo
1043 363 1101 397 est
1121 356 1247 408 culpa,
1270 357 1373 408 quod
1395 356 1485 396 facit

254 422 328 462 pro
341 423 419 506 lsua
439 417 550 463 parte
571 411 603 452 is
625 412 692 463 qui
712 424 754 452 se
775 413 975 452 eunuchat
997 419 1064 452 aut
1084 412 1132 453 ali
1153 413 1220 464 qui
1241 413 1386 453 liberos

257 479 342 518 per(
357 467 436 507 ucit

697 524 767 564 1111
788 525 847 575 (3)

195 602 310 630 nemo
333 597 392 631 est
412 596 488 630 tam
512 591 737 643 neglegens,
760 593 854 644 quin
877 605 1028 633 summa
1050 593 1250 645 diligentia
1272 593 1388 646 eligat
1409 594 1484 635 asi-
1515 599 1572 647 236

43 659 164 695 vVnum,
185 647 252 698 qui
275 659 384 687 suam
406 647 516 687 saliat
536 647 703 700 equilam

195 794 424 834 exercebam
447 793 700 843 ambulando,
730 801 774 835 ut
803 796 866 836 siti
899 795 1081 849 capacior
1110 796 1156 835 ad
1177 808 1313 835 cenam
1336 797 1486 836 veniret
1515 801 1572 836 237

35 869 36 872 ¹
54 856 188 903 guttur

707 908 755 947 VI
777 909 834 960 (1)

194 980 330 1014 contra
354 974 412 1014 lex
434 974 583 1015 Maenia
606 981 666 1016 est
685 975 724 1015 in
747 976 902 1028 pietate,
926 987 975 1015 ne
997 975 1064 1015 filii
1085 975 1263 1028 patribus
1282 976 1359 1016 luci
1381 977 1486 1016 claro
1516 983 1573 1018 238

54 1031 267 1084 suggillent
288 1031 422 1071 oculos

694 1098 761 1138 vn
791 1099 848 1148 (4)

194 1166 240 1205 ad
262 1165 423 1206 biviram
445 1165 573 1206 venio.
605 1178 695 1206 cum
717 1166 854 1206 vellem
876 1166 1098 1216 ostendere,
1128 1166 1221 1219 quid
1236 1167 1388 1215 vellem,
1405 1167 1486 1207 Me·
1516 1174 1573 1208 239

35 1223 214 1262 'tamelos
234 1222 525 1263 Inconstantiae
546 1223 648 1264 filius
665 1235 728 1263 me
749 1222 1005 1275 reprehendit

684 1302 770 1341 vni
793 1303 849 1353 (8)

133 1426 140 1433 ⁸
194 1369 304 1421 signa
341 1381 449 1410 sacra
485 1382 570 1410 esse
606 1369 807 1410 desierunt
841 1375 979 1422 postea
1025 1381 1141 1421 quam
1178 1369 1360 1410 homines
1394 1376 1573 1413 sunt2=10

8 1426 142 1496 “fam
674 1482 779 1522 vnn
800 1483 858 1533 (9)

195 1562 325 1602 neque
355 1550 395 1590 in
427 1549 530 1590 bona
560 1556 692 1601 segete
716 1550 867 1590 nullum
899 1557 957 1590 est
976 1550 1127 1602 spicum
1151 1561 1332 1602 nequam,
1355 1563 1486 1603 neque
1515 1560 1571 1593 241

55 1605 95 1646 in
117 1606 216 1646 mala
238 1619 317 1646 non
341 1607 497 1659 aliquod
520 1605 668 1647 bonum

615 1730 922 1765 ΛΟΓΟΜΑΧῙΑ

758 1809 774 1849 1

257 1877 351 1917 haec
373 1877 567 1928 lanigeras
587 1869 791 1917 detonderi
813 1878 948 1918 docuit
978 1878 1233 1930 tunicareque
1265 1878 1484 1919 homullum
1516 1887 1572 1921 242

739 1967 803 2006 ΙΙ*

15 2087 23 2097 ,
196 2045 377 2099 Epicurei
396 2047 524 2087 dicunt
543 2059 736 2086 summum
757 2046 902 2087 bonum
922 2042 1102 2102 ἡδονήν,
1126 2047 1244 2088 Stoici
1259 2047 1354 2088 hanc
1374 2047 1486 2100 qulac
1515 2057 1572 2101 243

15 2103 26 2155 ’ἦ
44 2108 94 2149 ιε
115 2105 286 2155 corporis
305 2102 500 2143 libidinem
520 2106 790 2150 criminantur,
814 2104 867 2153 [at
886 2103 947 2144 illi
964 2103 1112 2154 volunt]
1140 2101 1219 2159 τὴν
1242 2097 1485 2158 ἀταραξίαν

24 2164 43 2210 ,.
55 2159 135 2214 τῆς
160 2159 314 2214 ψυχῆς,
336 2159 404 2199 hoc
424 2166 476 2199 esc
496 2158 596 2200 nihil
614 2162 745 2199 timere
765 2172 832 2199 nec
853 2172 995 2212 cupere,
1016 2173 1208 2201 summum
1230 2161 1370 2201 bonum
1391 2173 1480 2202 csse.

24 2226 34 2255 ι
56 2215 158 2256 unde
186 2214 304 2256 Varro
326 2216 416 2256 dicit
438 2215 706 2270 λογομαχίαν
727 2218 829 2256 inter
849 2215 934 2256 illos
954 2229 1028 2257 esse

21 2329 29 2347 7
42 2327 45 2346 ἶ

24 2349 49 2394 ἒ-
172 2362 237 2395 235
262 2360 308 2396 Ν.
327 2371 365 2405 p.
384 2362 446 2395 106
471 2360 663 2395 eunuchare
684 2360 689 2403 Ι
712 2359 895 2404 producitfl
914 2361 979 2395 236
1003 2359 1047 2394 N.
1062 2371 1097 2404 p.
1114 2361 1178 2395 106
1203 2360 1367 2405 equilum:
1391 2364 1486 2395 octo-

23 2397 164 2447 &mario
188 2408 341 2441 iambico
367 2407 550 2440 trochaeos
565 2407 773 2438 moiunctoe
783 2407 930 2448 putavit
941 2405 982 2439 L.
995 2405 1185 2439 Muellerus
1201 2405 1214 2450 ss
1232 2407 1296 2440 237
1314 2405 1358 2441 N.
1367 2416 1404 2450 p.
1420 2406 1484 2440 207

27 2446 40 2463 Ε
58 2454 174 2496 guttur
202 2452 207 2496 Ι
235 2452 373 2486 dubita
397 2462 444 2485 an
467 2462 633 2485 numeros
655 2452 823 2484 redimas
854 2452 1054 2484 trochaico-i
1076 2451 1256 2485 exercebar
1280 2450 1484 2487 ambulando

30 2497 106 2531 ιιίὶ
139 2496 196 2532 siti
221 2496 448 2541 capacior-ad
473 2506 589 2531 cenam
619 2495 631 2540 ΙΙ
662 2497 726 2530 238
751 2494 794 2531 Ν.
817 2506 852 2539 p.
880 2498 940 2531 171
973 2496 1156 2539 suggillare
1182 2495 1196 2540 ΙΙ
1226 2497 1292 2532 239
1314 2495 1360 2531 Ν.
1379 2507 1416 2540 p.
1443 2498 1486 2532 79

45 2540 186 2576 “biviras
204 2541 217 2587 ΙΙ
233 2543 299 2577 240
311 2542 356 2576 Ν.
367 2553 402 2586 p.
420 2543 485 2578 397
511 2551 643 2576 sacrum
665 2541 669 2583 1
691 2540 814 2584 signati
839 2550 932 2575 sacra
957 2541 1051 2574 unde
1075 2545 1145 2575 tum
1163 2541 1306 2586 Lipsius
1322 2542 1480 2585 addiditl

62 2585 142 2622 facti
167 2591 247 2622 sunt
270 2588 356 2622 sacri
380 2588 574 2621 Frater-ius
590 2587 603 2630 ΙΙ
621 2588 684 2621 241
711 2585 757 2620 Ν.
778 2596 814 2629 p.
839 2587 903 2620 225
928 2587 1042 2630 spicae

174 2633 240 2667 242
264 2631 308 2667 Ν.
331 2643 366 2676 p.
395 2634 458 2667 182
483 2633 633 2666 tunicare
651 2631 664 2676 ΙΙ
682 2632 747 2666 243
773 2632 972 2676 porphyrio
998 2631 1082 2666 Hor.
1105 2634 1171 2665 sat.
1195 2630 1222 2666 11
1246 2633 1269 2666 4
