1728 2886
65 2078 101 2109 10

277 537 945 603 TESTAMENTVM
982 537 1410 603 PORCELLI

247 739 482 782 Hieronymus
506 742 543 772 in
565 739 794 782 praefatione
818 741 902 774 libri
917 741 985 774 XII
1009 742 1341 783 commentariorum
1365 742 1403 773 in
1419 740 1550 774 Isaiam

128 807 166 839 p.
183 795 250 829 493
270 796 360 830 Vall.
385 796 498 830 nullus
525 799 591 830 tam
616 797 791 840 imperitus
816 798 959 840 scriptor
976 801 1029 830 est
1053 796 1110 840 qui
1132 796 1293 830 lectorem
1310 807 1377 830 non
1401 797 1551 831 inveniat

132 852 276 885 similem
294 853 356 894 sui,
381 853 556 896 multoque
574 863 651 895 pars
669 853 774 886 maior
791 856 843 887 est
859 852 1008 886 Milesias
1025 852 1167 886 fabellas
1184 853 1431 887 revolventium
1449 863 1549 897 quam

133 908 284 943 Platonis
307 909 423 942 libros.
470 909 504 942 in
529 909 634 943 altero
663 910 751 943 enim
776 909 875 943 ludus
900 914 934 944 et
958 909 1143 943 oblectatio
1166 913 1237 952 est,
1272 910 1305 943 in
1330 909 1438 944 altero
1462 909 1551 943 diffi-

131 966 241 1000 cultas
270 970 304 1000 et
327 966 430 1000 sudor
461 966 584 999 mixtus
609 966 729 1000 labori.
782 966 928 1010 denique
952 966 1128 1000 Timaeum
1158 966 1200 1000 de
1232 967 1346 1000 mundi
1378 967 1549 1008 harmonia

132 1027 364 1067 astrorumque
395 1033 493 1057 cursu
527 1028 561 1056 et
597 1024 744 1057 numeris
774 1023 1003 1067 disputantem
1035 1024 1107 1067 ipse
1142 1024 1199 1067 qui
1229 1024 1468 1068 interpretatus
1498 1028 1551 1058 est

131 1079 263 1114 Tullius
287 1091 324 1114 se
348 1091 413 1114 non
440 1080 636 1123 intellegere
662 1079 859 1123 confitetur,
885 1083 1123 1115 testamentum
1148 1085 1260 1115 autem
1285 1080 1424 1115 Grunnii
1449 1081 1550 1115 Coro-

131 1140 244 1171 cottae
267 1137 405 1181 porcelli
429 1137 611 1170 decantant
634 1138 668 1170 in
694 1137 822 1171 scholis
847 1147 1025 1180 puerorum
1049 1139 1181 1181 agmina
1207 1138 1488 1174 cachinnantium.

242 1194 334 1227 idem
365 1196 491 1227 contra
515 1195 681 1235 Rufinum
713 1196 731 1227 I
754 1196 795 1228 17
817 1206 852 1238 p.
878 1195 963 1229 473:
995 1195 1090 1239 quasi
1123 1206 1188 1228 non
1222 1195 1419 1228 cirratorum
1453 1196 1548 1229 turba

131 1249 336 1284 Milesiarum
362 1251 394 1284 in
421 1251 545 1284 scholis
570 1251 729 1294 figmenta
756 1251 915 1285 decantet
949 1255 983 1285 et
1008 1254 1247 1285 testamentum
1272 1251 1342 1284 suis
1367 1251 1548 1286 Bessorum

131 1307 294 1341 cachinno
318 1308 466 1341 membra
499 1309 669 1341 concutiat
699 1312 800 1351 atque
825 1308 911 1342 inter
940 1319 1127 1342 scurrarum
1164 1309 1284 1352 epulas
1315 1319 1424 1351 nugae
1451 1309 1550 1342 istius

130 1364 219 1397 modi
244 1364 508 1409 frequententur.

242 1559 383 1612 Incipit
404 1565 676 1599 testamentum
701 1559 876 1612 porcelli.

243 1617 292 1655 Μ.
309 1617 512 1656 Grunnius
533 1616 739 1656 Corocotta
764 1615 961 1668 porcellus
982 1622 1254 1656 testamentum
1277 1617 1379 1656 fecit.
1421 1630 1550 1670 quon-

131 1673 204 1712 iam
225 1685 342 1712 manu
367 1685 449 1712 mea
471 1673 644 1711 scribere
668 1687 746 1712 non
769 1674 895 1725 potui,
917 1672 1169 1712 scribendum
1191 1673 1342 1713 dictavi.

243 1730 413 1782 Magirus
433 1742 552 1769 cocus
573 1730 667 1769 dixit
697 1730 805 1769 ‘veni
826 1730 915 1777 huc,
947 1742 1104 1769 eversor
1133 1731 1249 1778 domi,
1280 1730 1549 1779 solivertiator‚

131 1787 287 1838 fugitive
309 1787 494 1838 porcelle‚
526 1794 564 1826 et
584 1786 698 1826 hodie
719 1787 789 1826 tibi
816 1787 955 1826 dirimo
978 1786 1117 1826 vitam’.
1168 1786 1374 1827 Corocotta
1394 1789 1549 1840 porcel-

131 1844 191 1883 lus
210 1843 305 1882 dixit
326 1845 374 1883 ‘si
397 1856 472 1895 qua
495 1844 581 1888 seci,
603 1844 634 1883 si
657 1857 732 1895 qua
753 1843 924 1896 peccavi,
945 1843 977 1883 si
998 1855 1074 1895 qua
1094 1844 1257 1884 vascella
1273 1844 1438 1896 pedibus
1455 1846 1551 1885 meis

131 1900 321 1952 confregi,
343 1913 452 1951 rogo,
474 1900 631 1939 domine
648 1913 754 1948 coce‚
776 1901 889 1940 vitam
908 1906 1011 1952 pem,
1031 1900 1204 1940 concede
1221 1901 1399 1952 roganti’.
1430 1902 1550 1954 Magi-

132 1970 198 1996 rus
214 1969 332 1996 cocus
349 1957 444 1996 dixit
460 1957 606 2005 ‘transi,
623 1970 733 2009 puer,
749 1958 845 1996 aller
860 1957 953 1996 mihi
970 1957 1017 1996 de
1031 1957 1168 1996 cocina
1184 1958 1364 2006 cultrum,
1386 1965 1430 1998 ut
1444 1959 1551 1998 hunc

131 2013 346 2066 porcellum
365 2014 500 2052 faciam
519 2014 752 2054 cruentum’.
778 2013 974 2066 porcellus
990 2014 1367 2066 comprehenditura
1385 2015 1549 2064 famulis,

129 2070 268 2109 ductus
289 2070 362 2109 snb
383 2070 444 2109 die
466 2070 545 2108 XVl
570 2070 642 2109 kal.
665 2071 900 2123 lucerninas,
932 2070 997 2110 ubi
1019 2070 1221 2110 abundant
1244 2083 1390 2124 cymae,
1421 2071 1550 2112 Cliba-

132 2133 223 2166 nato
254 2135 291 2165 et
323 2127 500 2178 piperato
535 2127 775 2166 consulibus.
843 2134 881 2166 et
911 2133 954 2166 ut
991 2127 1083 2167 vidit
1111 2140 1151 2166 se
1191 2128 1420 2168 moriturum
1451 2141 1550 2177 esse,

132 2183 250 2222 lion-ae
271 2185 437 2235 spatium
460 2183 570 2235 petiit
590 2190 627 2222 ct
642 2197 780 2224 cocum
803 2184 952 2236 rogavit
967 2190 1009 2223 ut
1024 2190 1298 2224 testamentum
1316 2186 1442 2225 facere
1458 2198 1550 2238 pos-

131 2246 202 2280 set.
251 2240 425 2280 clamavit
446 2241 490 2279 ad
514 2254 555 2279 se
576 2253 668 2280 suos
690 2247 886 2293 parentes,
917 2247 959 2281 ut
980 2241 1027 2280 de
1048 2241 1204 2282 cibariis
1225 2243 1305 2282 suis
1325 2243 1469 2294 aliquid
1491 2243 1549 2283 di-

131 2297 303 2336 mitteret
323 2298 390 2336 eis.
431 2298 497 2348 qui
519 2297 591 2336 ait:

246 2410 390 2442 Praeter
414 2409 522 2441 libros
554 2410 678 2451 quibus
703 2409 877 2452 Hauptins
906 2420 991 2442 usus
1023 2412 1074 2442 est
1102 2420 1181 2442 cum
1210 2413 1453 2444 testamentum
1484 2413 1550 2445 Ιιοι·

132 2455 332 2487 emendaret
361 2454 535 2494 (Ber-otini
564 2465 645 2486 vere
677 2456 764 2487 anni
789 2455 908 2496 1860),
939 2457 1034 2488 inter
1063 2466 1150 2498 quoa
1179 2456 1208 2488 P
1232 2456 1358 2489 scheda
1384 2458 1549 2491 Parisina

132 2501 264 2543 scripta
288 2500 409 2539 fertur
430 2501 571 2532 saeculo
590 2499 648 2541 m,
672 2499 817 2532 collatos
842 2501 950 2532 habui
973 2502 1016 2533 ab
1036 2501 1186 2533 Holdero
1204 2501 1339 2534 codices
1353 2502 1384 2535 B
1400 2502 1549 2536 Bmoeel-

132 2545 258 2578 lentem
282 2545 372 2578 ‚5503
394 2556 483 2578 suec.
509 2544 558 2578 ΧΙ
582 2549 614 2577 et
640 2545 671 2577 H
694 2545 880 2587 [laganum
908 2546 970 2579 154
995 2548 1008 2577 z·
1031 2555 1120 2579 saec.
1145 2545 1221 2579 XII.
1272 2546 1433 2580 Danielis
1455 2549 1549 2581 sche-

132 2591 212 2623 dam
237 2591 444 2623 Bemensem
470 2590 502 2622 Ι)
526 2592 676 2623 coneum
698 2591 864 2632 Hagenus
888 2591 1066 2633 Philologi
1090 2592 1157 2625 vol.
1182 2590 1297 2625 XXXI
1305 2603 1342 2636 p.
1363 2592 1436 2627 182.

244 2637 265 2669 4
288 2635 408 2669 domus
434 2636 522 2679 DHl
544 2636 708 2669 versiator
732 2635 794 2670 soli
821 2635 879 2680 liu
900 2638 940 2671 13
966 2636 1100 2670 vocavit
1125 2636 1165 2670 ad
1190 2647 1227 2670 se
1253 2637 1285 2670 H

200 2696 331 2724 Petronii
350 2697 459 2724 satirae
481 2697 527 2724 ed.
548 2697 586 2724 ΙΙΙ
1237 2695 1278 2727 16
