<?xml version="1.0" encoding="UTF-8"?>
<!DOCTYPE html PUBLIC "-//W3C//DTD XHTML 1.0 Transitional//EN"
    "http://www.w3.org/TR/xhtml1/DTD/xhtml1-transitional.dtd">
<html xmlns="http://www.w3.org/1999/xhtml" xml:lang="en" lang="en">
 <head>
  <title>
</title>
<meta http-equiv="Content-Type" content="text/html;charset=utf-8" />
  <meta name='ocr-system' content='tesseract 3.04.00' />
  <meta name='ocr-capabilities' content='ocr_page ocr_carea ocr_par ocr_line ocrx_word'/>
</head>
<body>
  <div class='ocr_page' id='page_1' title='image "./satiraeetliberpr00petruoft_0194.png"; bbox 0 0 1728 2886; ppageno 0'>
   <div class='ocr_carea' id='block_1_1' title="bbox 250 156 1068 194">
    <p class='ocr_par' dir='ltr' id='par_1_1' title="bbox 250 156 1068 194">
     <span class='ocr_line' id='line_1_1' title="bbox 250 156 1068 194; baseline -0.001 0"><span class='ocrx_word' id='word_1_1' title='bbox 250 156 270 193; x_wconf 91' lang='lat'>1</span> <span class='ocrx_word' id='word_1_2' title='bbox 277 156 300 194; x_wconf 88' lang='lat'>9</span> <span class='ocrx_word' id='word_1_3' title='bbox 307 156 331 194; x_wconf 89' lang='grc' dir='ltr'>Ο</span> <span class='ocrx_word' id='word_1_4' title='bbox 703 180 709 189; x_wconf 83' lang='grc'>-</span> <span class='ocrx_word' id='word_1_5' title='bbox 847 156 1068 194; x_wconf 82' lang='lat' dir='ltr'><strong>VARRONIS</strong></span> 
     </span>
    </p>
   </div>
   <div class='ocr_carea' id='block_1_2' title="bbox 154 272 1680 395">
    <p class='ocr_par' dir='ltr' id='par_1_2' title="bbox 154 272 1680 395">
     <span class='ocr_line' id='line_1_2' title="bbox 891 272 1037 324; baseline 0.014 -12"><span class='ocrx_word' id='word_1_6' title='bbox 891 272 960 312; x_wconf 93' lang='lat' dir='ltr'>XX</span> <span class='ocrx_word' id='word_1_7' title='bbox 979 274 1037 324; x_wconf 82' lang='lat'>(9)</span> 
     </span>
     <span class='ocr_line' id='line_1_3' title="bbox 154 339 1680 395; baseline 0.003 -13"><span class='ocrx_word' id='word_1_8' title='bbox 154 349 211 382; x_wconf 87' lang='grc'>266</span> <span class='ocrx_word' id='word_1_9' title='bbox 389 352 470 379; x_wconf 89' lang='lat' dir='ltr'>non</span> <span class='ocrx_word' id='word_1_10' title='bbox 490 339 591 379; x_wconf 82' lang='lat' dir='ltr'>male</span> <span class='ocrx_word' id='word_1_11' title='bbox 607 339 751 390; x_wconf 75' lang='lat' dir='ltr'>dicere,</span> <span class='ocrx_word' id='word_1_12' title='bbox 769 340 908 393; x_wconf 91' lang='lat' dir='ltr'>pedem</span> <span class='ocrx_word' id='word_1_13' title='bbox 925 341 966 381; x_wconf 91' lang='lat' dir='ltr'>in</span> <span class='ocrx_word' id='word_1_14' title='bbox 984 342 1116 381; x_wconf 89' lang='lat' dir='ltr'>focum</span> <span class='ocrx_word' id='word_1_15' title='bbox 1137 354 1218 382; x_wconf 93' lang='lat' dir='ltr'>non</span> <span class='ocrx_word' id='word_1_16' title='bbox 1236 342 1454 395; x_wconf 83' lang='lat' dir='ltr'>imponere,</span> <span class='ocrx_word' id='word_1_17' title='bbox 1469 345 1680 387; x_wconf 82' lang='lat' dir='ltr'>sacrificari</span> 
     </span>
    </p>
   </div>
   <div class='ocr_carea' id='block_1_3' title="bbox 864 419 1057 471">
    <p class='ocr_par' dir='ltr' id='par_1_3' title="bbox 864 419 1057 471">
     <span class='ocr_line' id='line_1_4' title="bbox 864 419 1057 471; baseline 0.026 -13"><span class='ocrx_word' id='word_1_18' title='bbox 864 419 952 460; x_wconf 86' lang='lat' dir='ltr'>XXI</span> <span class='ocrx_word' id='word_1_19' title='bbox 972 421 1057 471; x_wconf 89' lang='lat'>(10)</span> 
     </span>
    </p>
   </div>
   <div class='ocr_carea' id='block_1_4' title="bbox 154 487 1680 597">
    <p class='ocr_par' dir='ltr' id='par_1_4' title="bbox 154 487 1680 597">
     <span class='ocr_line' id='line_1_5' title="bbox 154 487 1680 545; baseline 0.001 -14"><span class='ocrx_word' id='word_1_20' title='bbox 154 498 211 531; x_wconf 81' lang='grc'>267</span> <span class='ocrx_word' id='word_1_21' title='bbox 359 492 397 526; x_wconf 89' lang='lat' dir='ltr'>et</span> <span class='ocrx_word' id='word_1_22' title='bbox 432 499 519 526; x_wconf 89' lang='lat' dir='ltr'>cum</span> <span class='ocrx_word' id='word_1_23' title='bbox 550 487 716 539; x_wconf 80' lang='lat' dir='ltr'>comigia</span> <span class='ocrx_word' id='word_1_24' title='bbox 737 487 976 541; x_wconf 81' lang='lat' dir='ltr'>dismptast,</span> <span class='ocrx_word' id='word_1_25' title='bbox 1013 494 1173 529; x_wconf 84' lang='lat' dir='ltr'>enatare</span> <span class='ocrx_word' id='word_1_26' title='bbox 1209 502 1299 531; x_wconf 86' lang='lat' dir='ltr'>cum</span> <span class='ocrx_word' id='word_1_27' title='bbox 1334 490 1506 543; x_wconf 88' lang='lat' dir='ltr'>reliqua,</span> <span class='ocrx_word' id='word_1_28' title='bbox 1541 492 1680 545; x_wconf 86' lang='lat' dir='ltr'>pedem</span> 
     </span>
     <span class='ocr_line' id='line_1_6' title="bbox 245 543 816 597; baseline 0.004 -15"><span class='ocrx_word' id='word_1_29' title='bbox 245 543 413 595; x_wconf 84' lang='lat' dir='ltr'>paenula</span> <span class='ocrx_word' id='word_1_30' title='bbox 434 550 586 584; x_wconf 84' lang='lat' dir='ltr'>scortea</span> <span class='ocrx_word' id='word_1_31' title='bbox 608 550 816 597; x_wconf 86' lang='lat' dir='ltr'>pertegere</span> 
     </span>
    </p>
   </div>
   <div class='ocr_carea' id='block_1_5' title="bbox 153 613 1680 725">
    <p class='ocr_par' dir='ltr' id='par_1_5' title="bbox 153 613 1707 725">
     <span class='ocr_line' id='line_1_7' title="bbox 153 613 1680 725; baseline 0 -13"><span class='ocrx_word' id='word_1_32' title='bbox 153 679 210 712; x_wconf 85' lang='lat'>268</span> <span class='ocrx_word' id='word_1_33' title='bbox 386 682 460 710; x_wconf 87' lang='lat' dir='ltr'>nec</span> <span class='ocrx_word' id='word_1_34' title='bbox 482 675 596 710; x_wconf 85' lang='lat' dir='ltr'>natus</span> <span class='ocrx_word' id='word_1_35' title='bbox 618 676 677 710; x_wconf 88' lang='lat' dir='ltr'>est</span> <span class='ocrx_word' id='word_1_36' title='bbox 699 682 773 710; x_wconf 89' lang='lat' dir='ltr'>nec</span> <span class='ocrx_word' id='word_1_37' title='bbox 794 613 1136 723; x_wconf 42' lang='grc' dir='ltr'>ηιοιξέξιιιιιῃωέἰςθῑ</span> <span class='ocrx_word' id='word_1_38' title='bbox 1158 678 1269 724; x_wconf 84' lang='lat' dir='ltr'>veget</span> <span class='ocrx_word' id='word_1_39' title='bbox 1290 677 1333 712; x_wconf 96' lang='lat' dir='ltr'>ut</span> <span class='ocrx_word' id='word_1_40' title='bbox 1352 677 1446 725; x_wconf 88' lang='lat' dir='ltr'>pote</span> <span class='ocrx_word' id='word_1_41' title='bbox 1466 672 1680 725; x_wconf 86' lang='lat' dir='ltr'>plurimum</span> 
     </span>
    </p>
   </div>
   <div class='ocr_carea' id='block_1_6' title="bbox 853 793 1075 914">
    <p class='ocr_par' dir='ltr' id='par_1_6' title="bbox 853 793 1075 914">
     <span class='ocr_line' id='line_1_8' title="bbox 853 793 1075 828; baseline 0.005 -1"><span class='ocrx_word' id='word_1_42' title='bbox 853 793 1075 828; x_wconf 79' lang='lat' dir='ltr'>MARfflPoR</span> 
     </span>
     <span class='ocr_line' id='line_1_9' title="bbox 911 863 1005 914; baseline 0.032 -11"><span class='ocrx_word' id='word_1_43' title='bbox 911 863 927 903; x_wconf 93' lang='grc' dir='ltr'>Ι</span> <span class='ocrx_word' id='word_1_44' title='bbox 950 864 1005 914; x_wconf 88' lang='grc'>(3)</span> 
     </span>
    </p>
   </div>
   <div class='ocr_carea' id='block_1_7' title="bbox 150 931 1211 982">
    <p class='ocr_par' dir='ltr' id='par_1_7' title="bbox 150 931 1211 982">
     <span class='ocr_line' id='line_1_10' title="bbox 150 931 1211 982; baseline 0.005 -14"><span class='ocrx_word' id='word_1_45' title='bbox 150 941 207 974; x_wconf 75' lang='lat'>:269</span> <span class='ocrx_word' id='word_1_46' title='bbox 516 933 683 982; x_wconf 78' lang='lat' dir='ltr'>repente</span> <span class='ocrx_word' id='word_1_47' title='bbox 705 931 835 971; x_wconf 88' lang='lat' dir='ltr'>noctis</span> <span class='ocrx_word' id='word_1_48' title='bbox 856 932 1014 971; x_wconf 85' lang='lat' dir='ltr'><strong>circiter</strong></span> <span class='ocrx_word' id='word_1_49' title='bbox 1035 932 1211 980; x_wconf 87' lang='lat' dir='ltr'>meridie,</span> 
     </span>
    </p>
   </div>
   <div class='ocr_carea' id='block_1_8' title="bbox 515 988 1301 1086">
    <p class='ocr_par' dir='ltr' id='par_1_8' title="bbox 515 988 1301 1086">
     <span class='ocr_line' id='line_1_11' title="bbox 515 988 1301 1041; baseline 0.001 -14"><span class='ocrx_word' id='word_1_50' title='bbox 515 999 606 1027; x_wconf 89' lang='lat' dir='ltr'>cum</span> <span class='ocrx_word' id='word_1_51' title='bbox 628 988 758 1040; x_wconf 88' lang='lat' dir='ltr'>pictus</span> <span class='ocrx_word' id='word_1_52' title='bbox 779 1000 847 1028; x_wconf 84' lang='lat' dir='ltr'>aer</span> <span class='ocrx_word' id='word_1_53' title='bbox 867 989 1024 1028; x_wconf 83' lang='lat' dir='ltr'>fervidis</span> <span class='ocrx_word' id='word_1_54' title='bbox 1045 989 1121 1028; x_wconf 86' lang='lat' dir='ltr'>late</span> <span class='ocrx_word' id='word_1_55' title='bbox 1142 988 1301 1041; x_wconf 86' lang='lat' dir='ltr'>ignibus</span> 
     </span>
     <span class='ocr_line' id='line_1_12' title="bbox 515 1044 1245 1086; baseline 0.003 -3"><span class='ocrx_word' id='word_1_56' title='bbox 515 1044 610 1084; x_wconf 85' lang='lat' dir='ltr'>caeli</span> <span class='ocrx_word' id='word_1_57' title='bbox 631 1045 802 1084; x_wconf 86' lang='lat' dir='ltr'>chorean</span> <span class='ocrx_word' id='word_1_58' title='bbox 825 1045 994 1086; x_wconf 85' lang='lat' dir='ltr'>astricen</span> <span class='ocrx_word' id='word_1_59' title='bbox 1018 1045 1245 1086; x_wconf 79' lang='lat' dir='ltr'>ostenderet</span> 
     </span>
    </p>
   </div>
   <div class='ocr_carea' id='block_1_9' title="bbox 148 1135 1189 1255">
    <p class='ocr_par' dir='ltr' id='par_1_9' title="bbox 148 1135 1189 1255">
     <span class='ocr_line' id='line_1_13' title="bbox 908 1135 943 1174; baseline 0 0"><span class='ocrx_word' id='word_1_60' title='bbox 908 1135 943 1174; x_wconf 93' lang='lat' dir='ltr'>ll</span> 
     </span>
     <span class='ocr_line' id='line_1_14' title="bbox 148 1136 1189 1255; baseline -0.006 -6"><span class='ocrx_word' id='word_1_61' title='bbox 148 1215 206 1249; x_wconf 80' lang='grc'>270</span> <span class='ocrx_word' id='word_1_62' title='bbox 514 1202 640 1243; x_wconf 78' lang='lat' dir='ltr'>nubes</span> <span class='ocrx_word' id='word_1_63' title='bbox 661 1203 790 1255; x_wconf 81' lang='lat' dir='ltr'>aquali</span> <span class='ocrx_word' id='word_1_64' title='bbox 813 1136 1063 1255; x_wconf 50' lang='lat' dir='ltr'>frigido(;1‹)31(&#39;›</span> <span class='ocrx_word' id='word_1_65' title='bbox 1085 1203 1189 1243; x_wconf 89' lang='lat' dir='ltr'>leves</span> 
     </span>
    </p>
   </div>
   <div class='ocr_carea' id='block_1_10' title="bbox 511 1260 1313 1368">
    <p class='ocr_par' dir='ltr' id='par_1_10' title="bbox 511 1260 1313 1368">
     <span class='ocr_line' id='line_1_15' title="bbox 511 1260 1243 1301; baseline 0.001 -2"><span class='ocrx_word' id='word_1_66' title='bbox 511 1260 605 1299; x_wconf 84' lang='lat' dir='ltr'>caeli</span> <span class='ocrx_word' id='word_1_67' title='bbox 629 1272 813 1301; x_wconf 82' lang='lat' dir='ltr'>cavernas</span> <span class='ocrx_word' id='word_1_68' title='bbox 835 1272 973 1300; x_wconf 83' lang='lat' dir='ltr'>aureas</span> <span class='ocrx_word' id='word_1_69' title='bbox 995 1260 1243 1300; x_wconf 82' lang='lat' dir='ltr'>obduxerant</span> 
     </span>
     <span class='ocr_line' id='line_1_16' title="bbox 511 1317 1313 1368; baseline 0.001 -12"><span class='ocrx_word' id='word_1_70' title='bbox 511 1329 650 1368; x_wconf 83' lang='lat' dir='ltr'>aquam</span> <span class='ocrx_word' id='word_1_71' title='bbox 671 1322 874 1357; x_wconf 80' lang='lat' dir='ltr'>vomentes</span> <span class='ocrx_word' id='word_1_72' title='bbox 895 1317 1062 1357; x_wconf 85' lang='lat' dir='ltr'>inferam</span> <span class='ocrx_word' id='word_1_73' title='bbox 1083 1317 1313 1358; x_wconf 84' lang='lat' dir='ltr'>mortalibus</span> 
     </span>
    </p>
   </div>
   <div class='ocr_carea' id='block_1_11' title="bbox 145 1408 1326 1528">
    <p class='ocr_par' dir='ltr' id='par_1_11' title="bbox 145 1408 1326 1528">
     <span class='ocr_line' id='line_1_17' title="bbox 893 1408 1007 1449; baseline 0.018 -2"><span class='ocrx_word' id='word_1_74' title='bbox 893 1408 945 1447; x_wconf 85' lang='grc' dir='ltr'>ΙΙΙ</span> <span class='ocrx_word' id='word_1_75' title='bbox 983 1411 1007 1449; x_wconf 88' lang='lat'>5</span> 
     </span>
     <span class='ocr_line' id='line_1_18' title="bbox 145 1409 1326 1528; baseline -0.007 -5"><span class='ocrx_word' id='word_1_76' title='bbox 145 1490 202 1523; x_wconf 75' lang='lat'>271</span> <span class='ocrx_word' id='word_1_77' title='bbox 506 1477 693 1526; x_wconf 89' lang='lat' dir='ltr'>ventique</span> <span class='ocrx_word' id='word_1_78' title='bbox 714 1475 855 1527; x_wconf 80' lang='lat' dir='ltr'>frigido</span> <span class='ocrx_word' id='word_1_79' title='bbox 876 1488 917 1516; x_wconf 92' lang='lat' dir='ltr'>se</span> <span class='ocrx_word' id='word_1_80' title='bbox 939 1409 985 1515; x_wconf 69' lang='lat' dir='ltr'>ab</span> <span class='ocrx_word' id='word_1_81' title='bbox 1007 1410 1078 1515; x_wconf 46' lang='grc' dir='ltr'>εἶχε</span> <span class='ocrx_word' id='word_1_82' title='bbox 1099 1478 1326 1528; x_wconf 83' lang='lat' dir='ltr'>eruperant,</span> 
     </span>
    </p>
   </div>
   <div class='ocr_carea' id='block_1_12' title="bbox 507 1531 1339 1643">
    <p class='ocr_par' dir='ltr' id='par_1_12' title="bbox 507 1531 1339 1643">
     <span class='ocr_line' id='line_1_19' title="bbox 507 1531 1161 1585; baseline 0.003 -15"><span class='ocrx_word' id='word_1_83' title='bbox 507 1531 718 1583; x_wconf 87' lang='lat' dir='ltr'>phrenitici</span> <span class='ocrx_word' id='word_1_84' title='bbox 740 1532 1058 1585; x_wconf 84' lang='lat' dir='ltr'>septentrionum</span> <span class='ocrx_word' id='word_1_85' title='bbox 1080 1532 1161 1582; x_wconf 84' lang='lat' dir='ltr'>filii,</span> 
     </span>
     <span class='ocr_line' id='line_1_20' title="bbox 509 1586 1339 1643; baseline 0.002 -15"><span class='ocrx_word' id='word_1_86' title='bbox 509 1601 643 1628; x_wconf 90' lang='lat' dir='ltr'>secum</span> <span class='ocrx_word' id='word_1_87' title='bbox 665 1589 837 1629; x_wconf 84' lang='lat' dir='ltr'>serentes</span> <span class='ocrx_word' id='word_1_88' title='bbox 858 1590 1008 1642; x_wconf 84' lang='lat' dir='ltr'>tegulas</span> <span class='ocrx_word' id='word_1_89' title='bbox 1029 1601 1160 1629; x_wconf 83' lang='lat' dir='ltr'>ramos</span> <span class='ocrx_word' id='word_1_90' title='bbox 1182 1586 1339 1643; x_wconf 83' lang='grc' dir='ltr'><strong><em>σύρους</em></strong></span> 
     </span>
    </p>
   </div>
   <div class='ocr_carea' id='block_1_13' title="bbox 885 1668 1036 1720">
    <p class='ocr_par' dir='ltr' id='par_1_13' title="bbox 885 1668 1036 1720">
     <span class='ocr_line' id='line_1_21' title="bbox 885 1668 1036 1720; baseline 0.02 -13"><span class='ocrx_word' id='word_1_91' title='bbox 885 1668 955 1707; x_wconf 87' lang='lat'><em>1111</em></span> <span class='ocrx_word' id='word_1_92' title='bbox 978 1670 1036 1720; x_wconf 84' lang='lat'>(6)</span> 
     </span>
    </p>
   </div>
   <div class='ocr_carea' id='block_1_14' title="bbox 150 1736 1413 1903">
    <p class='ocr_par' dir='ltr' id='par_1_14' title="bbox 150 1736 1413 1903">
     <span class='ocr_line' id='line_1_22' title="bbox 150 1736 1275 1788; baseline -0.001 -12"><span class='ocrx_word' id='word_1_93' title='bbox 150 1751 207 1783; x_wconf 76' lang='lat'>272</span> <span class='ocrx_word' id='word_1_94' title='bbox 511 1742 550 1776; x_wconf 86' lang='lat' dir='ltr'>at</span> <span class='ocrx_word' id='word_1_95' title='bbox 572 1739 645 1776; x_wconf 81' lang='lat' dir='ltr'>nos</span> <span class='ocrx_word' id='word_1_96' title='bbox 666 1736 803 1776; x_wconf 82' lang='lat' dir='ltr'>caduci</span> <span class='ocrx_word' id='word_1_97' title='bbox 826 1737 1003 1788; x_wconf 82' lang='lat' dir='ltr'>naufragi</span> <span class='ocrx_word' id='word_1_98' title='bbox 1025 1743 1068 1776; x_wconf 89' lang='lat' dir='ltr'>ut</span> <span class='ocrx_word' id='word_1_99' title='bbox 1090 1736 1275 1784; x_wconf 85' lang='lat' dir='ltr'>ciconiae,</span> 
     </span>
     <span class='ocr_line' id='line_1_23' title="bbox 508 1793 1387 1846; baseline 0 -14"><span class='ocrx_word' id='word_1_100' title='bbox 508 1805 674 1846; x_wconf 82' lang='lat' dir='ltr'>quarum</span> <span class='ocrx_word' id='word_1_101' title='bbox 697 1793 873 1845; x_wconf 89' lang='lat' dir='ltr'>bipinnis</span> <span class='ocrx_word' id='word_1_102' title='bbox 895 1793 1069 1833; x_wconf 82' lang='lat' dir='ltr'>fulminis</span> <span class='ocrx_word' id='word_1_103' title='bbox 1091 1793 1245 1845; x_wconf 83' lang='lat' dir='ltr'>plumas</span> <span class='ocrx_word' id='word_1_104' title='bbox 1265 1804 1387 1845; x_wconf 88' lang='lat' dir='ltr'>vapor</span> 
     </span>
     <span class='ocr_line' id='line_1_24' title="bbox 506 1849 1413 1903; baseline 0.001 -14"><span class='ocrx_word' id='word_1_105' title='bbox 506 1850 690 1903; x_wconf 85' lang='lat' dir='ltr'>perussit,</span> <span class='ocrx_word' id='word_1_106' title='bbox 713 1850 788 1889; x_wconf 86' lang='lat' dir='ltr'>alte</span> <span class='ocrx_word' id='word_1_107' title='bbox 809 1851 947 1891; x_wconf 82' lang='lat' dir='ltr'>maesti</span> <span class='ocrx_word' id='word_1_108' title='bbox 969 1851 1007 1890; x_wconf 93' lang='lat' dir='ltr'>in</span> <span class='ocrx_word' id='word_1_109' title='bbox 1031 1857 1176 1890; x_wconf 85' lang='lat' dir='ltr'>terram</span> <span class='ocrx_word' id='word_1_110' title='bbox 1199 1849 1413 1890; x_wconf 83' lang='lat' dir='ltr'>cecidimus</span> 
     </span>
    </p>
   </div>
   <div class='ocr_carea' id='block_1_15' title="bbox 1698 0 1728 1751">
    <p class='ocr_par' dir='ltr' id='par_1_15' title="bbox 1698 0 1728 1751">
     <span class='ocr_line' id='line_1_25' title="bbox 1698 0 1728 1751; baseline 0 0"><span class='ocrx_word' id='word_1_111' title='bbox 1698 0 1728 1751; x_wconf 95' lang='lat' dir='ltr'> </span> 
     </span>
    </p>
   </div>
   <div class='ocr_carea' id='block_1_16' title="bbox 142 1929 1346 2256">
    <p class='ocr_par' dir='ltr' id='par_1_16' title="bbox 142 1929 1346 2256">
     <span class='ocr_line' id='line_1_26' title="bbox 898 1929 978 1968; baseline -0.013 -20"><span class='ocrx_word' id='word_1_112' title='bbox 898 1929 927 1968; x_wconf 87' lang='lat' dir='ltr'>V</span> <span class='ocrx_word' id='word_1_113' title='bbox 969 1939 978 1947; x_wconf 66' lang='grc' dir='ltr'><strong><em>ι</em></strong></span> 
     </span>
     <span class='ocr_line' id='line_1_27' title="bbox 143 1930 1346 2050; baseline -0.008 -4"><span class='ocrx_word' id='word_1_114' title='bbox 143 2013 198 2046; x_wconf 75' lang='grc'>273</span> <span class='ocrx_word' id='word_1_115' title='bbox 506 1997 720 2050; x_wconf 81' lang='lat' dir='ltr'>Propontis</span> <span class='ocrx_word' id='word_1_116' title='bbox 741 1997 846 2037; x_wconf 86' lang='lat' dir='ltr'>unda</span> <span class='ocrx_word' id='word_1_117' title='bbox 868 1930 1171 2049; x_wconf 46' lang='lat' dir='ltr'>quarffiiquenti</span> <span class='ocrx_word' id='word_1_118' title='bbox 1194 1996 1346 2037; x_wconf 82' lang='lat' dir='ltr'>caerula</span> 
     </span>
     <span class='ocr_line' id='line_1_28' title="bbox 505 2053 1238 2107; baseline 0 -13"><span class='ocrx_word' id='word_1_119' title='bbox 505 2078 533 2094; x_wconf 58' lang='grc' dir='ltr'>ψ</span> <span class='ocrx_word' id='word_1_120' title='bbox 546 2084 575 2089; x_wconf 95' lang='grc'>-</span> <span class='ocrx_word' id='word_1_121' title='bbox 589 2077 617 2093; x_wconf 56' lang='grc' dir='ltr'><strong>υ</strong></span> <span class='ocrx_word' id='word_1_122' title='bbox 629 2083 657 2088; x_wconf 92' lang='grc'>-</span> <span class='ocrx_word' id='word_1_123' title='bbox 683 2060 884 2095; x_wconf 80' lang='lat' dir='ltr'>natantem</span> <span class='ocrx_word' id='word_1_124' title='bbox 905 2053 1122 2107; x_wconf 79' lang='lat' dir='ltr'>perfundit,</span> <span class='ocrx_word' id='word_1_125' title='bbox 1143 2067 1238 2107; x_wconf 89' lang='lat' dir='ltr'>cape</span> 
     </span>
     <span class='ocr_line' id='line_1_29' title="bbox 857 2133 1035 2184; baseline 0.006 -10"><span class='ocrx_word' id='word_1_126' title='bbox 857 2170 861 2174; x_wconf 91' lang='lat'><em>.</em></span> <span class='ocrx_word' id='word_1_127' title='bbox 880 2133 928 2173; x_wconf 94' lang='lat' dir='ltr'>VI</span> <span class='ocrx_word' id='word_1_128' title='bbox 951 2135 1035 2184; x_wconf 85' lang='lat'>(18)</span> 
     </span>
     <span class='ocr_line' id='line_1_30' title="bbox 142 2200 1310 2256; baseline -0.007 -7"><span class='ocrx_word' id='word_1_129' title='bbox 142 2218 198 2250; x_wconf 71' lang='grc'><strong>274</strong></span> <span class='ocrx_word' id='word_1_130' title='bbox 508 2202 694 2243; x_wconf 83' lang='lat' dir='ltr'>delumbi’</span> <span class='ocrx_word' id='word_1_131' title='bbox 717 2202 861 2256; x_wconf 91' lang='lat' dir='ltr'>pennis</span> <span class='ocrx_word' id='word_1_132' title='bbox 882 2204 926 2241; x_wconf 79' lang='lat' dir='ltr'>ut</span> <span class='ocrx_word' id='word_1_133' title='bbox 946 2201 1040 2241; x_wconf 91' lang='lat' dir='ltr'>levis</span> <span class='ocrx_word' id='word_1_134' title='bbox 1059 2200 1310 2254; x_wconf 77' lang='lat' dir='ltr'>passerculus</span> 
     </span>
    </p>
   </div>
   <div class='ocr_carea' id='block_1_17' title="bbox 239 2268 511 2278">
    <p class='ocr_par' dir='ltr' id='par_1_17' title="bbox 239 2268 511 2278">
     <span class='ocr_line' id='line_1_31' title="bbox 239 2268 511 2278; baseline 0 0"><span class='ocrx_word' id='word_1_135' title='bbox 239 2268 511 2278; x_wconf 95' lang='lat' dir='ltr'> </span> 
     </span>
    </p>
   </div>
   <div class='ocr_carea' id='block_1_18' title="bbox 230 2309 1723 2404">
    <p class='ocr_par' dir='ltr' id='par_1_18' title="bbox 230 2287 1724 2404">
     <span class='ocr_line' id='line_1_32' title="bbox 346 2309 1691 2393; baseline -0.003 -46"><span class='ocrx_word' id='word_1_136' title='bbox 346 2315 411 2349; x_wconf 94' lang='grc'>266</span> <span class='ocrx_word' id='word_1_137' title='bbox 435 2314 480 2350; x_wconf 91' lang='lat' dir='ltr'>N.</span> <span class='ocrx_word' id='word_1_138' title='bbox 500 2325 540 2357; x_wconf 86' lang='grc' dir='ltr'>Ρ.</span> <span class='ocrx_word' id='word_1_139' title='bbox 564 2316 630 2348; x_wconf 86' lang='grc'>480</span> <span class='ocrx_word' id='word_1_140' title='bbox 656 2313 890 2348; x_wconf 86' lang='lat' dir='ltr'>sacrificantur</span> <span class='ocrx_word' id='word_1_141' title='bbox 917 2312 930 2358; x_wconf 92' lang='grc'>11</span> <span class='ocrx_word' id='word_1_142' title='bbox 962 2314 1024 2347; x_wconf 92' lang='grc'>267</span> <span class='ocrx_word' id='word_1_143' title='bbox 1051 2312 1096 2347; x_wconf 91' lang='lat' dir='ltr'>N.</span> <span class='ocrx_word' id='word_1_144' title='bbox 1116 2323 1154 2356; x_wconf 85' lang='grc' dir='ltr'>Ρ.</span> <span class='ocrx_word' id='word_1_145' title='bbox 1180 2313 1245 2346; x_wconf 90' lang='grc'>448</span> <span class='ocrx_word' id='word_1_146' title='bbox 1282 2311 1462 2356; x_wconf 83' lang='lat' dir='ltr'>paenulam</span> <span class='ocrx_word' id='word_1_147' title='bbox 1494 2309 1691 2393; x_wconf 47' lang='lat' dir='ltr'>”buswss&#39;</span> 
     </span>
     <span class='ocr_line' id='line_1_33' title="bbox 230 2356 1723 2404; baseline 0 -13"><span class='ocrx_word' id='word_1_148' title='bbox 230 2358 401 2402; x_wconf 87' lang='lat' dir='ltr'>disruptas</span> <span class='ocrx_word' id='word_1_149' title='bbox 427 2363 524 2394; x_wconf 84' lang='lat' dir='ltr'>tonat</span> <span class='ocrx_word' id='word_1_150' title='bbox 549 2359 677 2394; x_wconf 86' lang='lat' dir='ltr'>aridum</span> <span class='ocrx_word' id='word_1_151' title='bbox 702 2359 870 2404; x_wconf 84' lang='lat' dir='ltr'>reliquam</span> <span class='ocrx_word' id='word_1_152' title='bbox 895 2358 1076 2403; x_wconf 88' lang='lat' dir='ltr'>(reliquum</span> <span class='ocrx_word' id='word_1_153' title='bbox 1097 2359 1260 2402; x_wconf 83' lang='lat' dir='ltr'>plerique</span> <span class='ocrx_word' id='word_1_154' title='bbox 1284 2357 1381 2399; x_wconf 82' lang='lat' dir='ltr'>libri)</span> <span class='ocrx_word' id='word_1_155' title='bbox 1407 2356 1494 2402; x_wconf 86' lang='lat' dir='ltr'>pede</span> <span class='ocrx_word' id='word_1_156' title='bbox 1511 2356 1524 2401; x_wconf 97' lang='grc'>11</span> <span class='ocrx_word' id='word_1_157' title='bbox 1542 2357 1606 2391; x_wconf 88' lang='grc'>268</span> <span class='ocrx_word' id='word_1_158' title='bbox 1720 2368 1723 2371; x_wconf 93' lang='grc'><strong><em>·</em></strong></span> 
     </span>
    </p>
   </div>
   <div class='ocr_carea' id='block_1_19' title="bbox 225 2407 1724 2526">
    <p class='ocr_par' dir='ltr' id='par_1_19' title="bbox 225 2407 1724 2526">
     <span class='ocr_line' id='line_1_34' title="bbox 225 2407 1724 2526; baseline -0.003 -41"><span class='ocrx_word' id='word_1_159' title='bbox 225 2414 263 2446; x_wconf 66' lang='lat' dir='ltr'><em>p</em></span> <span class='ocrx_word' id='word_1_160' title='bbox 291 2407 483 2487; x_wconf 51' lang='grc' dir='ltr'><strong>18326ῗῗξ7ι</strong></span> <span class='ocrx_word' id='word_1_161' title='bbox 503 2462 538 2495; x_wconf 85' lang='grc' dir='ltr'>Ρ.</span> <span class='ocrx_word' id='word_1_162' title='bbox 563 2452 626 2485; x_wconf 80' lang='lat'>451</span> <span class='ocrx_word' id='word_1_163' title='bbox 655 2449 828 2484; x_wconf 87' lang='lat' dir='ltr'>meridiem</span> <span class='ocrx_word' id='word_1_164' title='bbox 846 2449 858 2493; x_wconf 93' lang='grc'>11</span> <span class='ocrx_word' id='word_1_165' title='bbox 878 2451 942 2484; x_wconf 90' lang='grc'>270</span> <span class='ocrx_word' id='word_1_166' title='bbox 968 2449 1012 2485; x_wconf 92' lang='grc' dir='ltr'><em>Ν.</em></span> <span class='ocrx_word' id='word_1_167' title='bbox 1023 2460 1059 2492; x_wconf 84' lang='grc' dir='ltr'>Ρ.</span> <span class='ocrx_word' id='word_1_168' title='bbox 1074 2450 1116 2483; x_wconf 87' lang='lat'>45</span> <span class='ocrx_word' id='word_1_169' title='bbox 1142 2446 1313 2526; x_wconf 57' lang='lat' dir='ltr'>inferum)</span> <span class='ocrx_word' id='word_1_170' title='bbox 1334 2445 1688 2482; x_wconf 65' lang='grc' dir='ltr'>αυτεεευὴᾱιικεηιιῑ’</span> <span class='ocrx_word' id='word_1_171' title='bbox 1722 2434 1724 2437; x_wconf 17' lang='lat' dir='ltr'>V</span> 
     </span>
    </p>
   </div>
   <div class='ocr_carea' id='block_1_20' title="bbox 224 2491 1726 2722">
    <p class='ocr_par' dir='ltr' id='par_1_20' title="bbox 224 2491 1726 2722">
     <span class='ocr_line' id='line_1_35' title="bbox 229 2491 1686 2539; baseline -0.001 -12"><span class='ocrx_word' id='word_1_172' title='bbox 229 2497 324 2529; x_wconf 77' lang='lat' dir='ltr'>unde</span> <span class='ocrx_word' id='word_1_173' title='bbox 348 2496 580 2531; x_wconf 87' lang='lat' dir='ltr'>subduxerant</span> <span class='ocrx_word' id='word_1_174' title='bbox 603 2495 729 2539; x_wconf 82' lang='lat' dir='ltr'>volgo:</span> <span class='ocrx_word' id='word_1_175' title='bbox 755 2495 939 2529; x_wconf 85' lang='lat' dir='ltr'>d-uxerunt</span> <span class='ocrx_word' id='word_1_176' title='bbox 961 2494 1115 2535; x_wconf 71' lang='lat' dir='ltr'>fortasse</span> <span class='ocrx_word' id='word_1_177' title='bbox 1138 2504 1219 2527; x_wconf 82' lang='lat' dir='ltr'>vere</span> <span class='ocrx_word' id='word_1_178' title='bbox 1243 2504 1283 2527; x_wconf 83' lang='lat' dir='ltr'>co</span> <span class='ocrx_word' id='word_1_179' title='bbox 1310 2504 1356 2526; x_wconf 73' lang='lat' dir='ltr'>ear</span> <span class='ocrx_word' id='word_1_180' title='bbox 1381 2491 1572 2536; x_wconf 70' lang='lat' dir='ltr'>optimusfl</span> <span class='ocrx_word' id='word_1_181' title='bbox 1559 2491 1686 2536; x_wconf 66' lang='lat' dir='ltr'>{im</span> 
     </span>
     <span class='ocr_line' id='line_1_36' title="bbox 229 2535 1716 2587; baseline -0.002 -13"><span class='ocrx_word' id='word_1_182' title='bbox 229 2539 274 2574; x_wconf 90' lang='lat' dir='ltr'>N.</span> <span class='ocrx_word' id='word_1_183' title='bbox 298 2552 332 2584; x_wconf 90' lang='lat' dir='ltr'>p.</span> <span class='ocrx_word' id='word_1_184' title='bbox 358 2543 400 2574; x_wconf 83' lang='lat'>45</span> <span class='ocrx_word' id='word_1_185' title='bbox 426 2553 526 2587; x_wconf 89' lang='lat' dir='ltr'>syrus</span> <span class='ocrx_word' id='word_1_186' title='bbox 551 2553 569 2576; x_wconf 85' lang='lat' dir='ltr'>a</span> <span class='ocrx_word' id='word_1_187' title='bbox 595 2551 718 2586; x_wconf 86' lang='lat' dir='ltr'>graeco</span> <span class='ocrx_word' id='word_1_188' title='bbox 746 2540 752 2585; x_wconf 89' lang='grc' dir='ltr'>Ι</span> <span class='ocrx_word' id='word_1_189' title='bbox 779 2540 1001 2584; x_wconf 81' lang='lat' dir='ltr'>erumpebant</span> <span class='ocrx_word' id='word_1_190' title='bbox 1024 2538 1176 2580; x_wconf 75' lang='lat' dir='ltr'>fortasse</span> <span class='ocrx_word' id='word_1_191' title='bbox 1196 2549 1265 2582; x_wconf 83' lang='lat' dir='ltr'>pro</span> <span class='ocrx_word' id='word_1_192' title='bbox 1289 2541 1474 2582; x_wconf 81' lang='lat' dir='ltr'>eruperunt</span> <span class='ocrx_word' id='word_1_193' title='bbox 1497 2538 1510 2582; x_wconf 93' lang='grc'>11</span> <span class='ocrx_word' id='word_1_194' title='bbox 1533 2538 1598 2572; x_wconf 88' lang='grc'>272</span> <span class='ocrx_word' id='word_1_195' title='bbox 1621 2535 1668 2572; x_wconf 90' lang='grc' dir='ltr'><em>Ν.</em></span> <span class='ocrx_word' id='word_1_196' title='bbox 1685 2542 1693 2586; x_wconf 59' lang='lat'>³]</span> <span class='ocrx_word' id='word_1_197' title='bbox 1714 2559 1716 2562; x_wconf 57' lang='lat'>&gt;</span> 
     </span>
     <span class='ocr_line' id='line_1_37' title="bbox 224 2582 1674 2637; baseline -0.003 -16"><span class='ocrx_word' id='word_1_198' title='bbox 224 2597 262 2629; x_wconf 81' lang='lat' dir='ltr'>p.</span> <span class='ocrx_word' id='word_1_199' title='bbox 290 2589 331 2621; x_wconf 89' lang='grc'>79</span> <span class='ocrx_word' id='word_1_200' title='bbox 358 2586 516 2631; x_wconf 84' lang='lat' dir='ltr'>bipennis</span> <span class='ocrx_word' id='word_1_201' title='bbox 537 2587 542 2629; x_wconf 93' lang='grc' dir='ltr'>Ι</span> <span class='ocrx_word' id='word_1_202' title='bbox 563 2598 606 2621; x_wconf 82' lang='lat' dir='ltr'>an</span> <span class='ocrx_word' id='word_1_203' title='bbox 632 2597 695 2621; x_wconf 93' lang='lat' dir='ltr'>nos</span> <span class='ocrx_word' id='word_1_204' title='bbox 717 2586 731 2632; x_wconf 94' lang='grc'>11</span> <span class='ocrx_word' id='word_1_205' title='bbox 761 2587 825 2621; x_wconf 89' lang='grc'><strong>273</strong></span> <span class='ocrx_word' id='word_1_206' title='bbox 850 2585 942 2630; x_wconf 89' lang='grc' dir='ltr'>Ν.Ρ</span> <span class='ocrx_word' id='word_1_207' title='bbox 981 2588 1048 2622; x_wconf 82' lang='grc'>254</span> <span class='ocrx_word' id='word_1_208' title='bbox 1072 2594 1195 2637; x_wconf 84' lang='lat' dir='ltr'>capere</span> <span class='ocrx_word' id='word_1_209' title='bbox 1213 2583 1219 2628; x_wconf 95' lang='grc'>1</span> <span class='ocrx_word' id='word_1_210' title='bbox 1240 2583 1464 2618; x_wconf 66' lang='lat' dir='ltr'>intercidisse</span> <span class='ocrx_word' id='word_1_211' title='bbox 1481 2585 1572 2627; x_wconf 81' lang='lat' dir='ltr'>puto</span> <span class='ocrx_word' id='word_1_212' title='bbox 1597 2582 1674 2617; x_wconf 73' lang='lat' dir='ltr'>tato</span> 
     </span>
     <span class='ocr_line' id='line_1_38' title="bbox 231 2628 1725 2677; baseline -0.001 -13"><span class='ocrx_word' id='word_1_213' title='bbox 231 2632 284 2666; x_wconf 86' lang='lat' dir='ltr'>vel</span> <span class='ocrx_word' id='word_1_214' title='bbox 309 2631 482 2675; x_wconf 85' lang='lat' dir='ltr'>Bosporos</span> <span class='ocrx_word' id='word_1_215' title='bbox 501 2633 597 2677; x_wconf 88' lang='grc'><strong>11274</strong></span> <span class='ocrx_word' id='word_1_216' title='bbox 621 2631 666 2667; x_wconf 92' lang='lat' dir='ltr'>N.</span> <span class='ocrx_word' id='word_1_217' title='bbox 680 2642 717 2675; x_wconf 94' lang='grc' dir='ltr'>Ρ.</span> <span class='ocrx_word' id='word_1_218' title='bbox 737 2634 779 2666; x_wconf 89' lang='grc'>79</span> <span class='ocrx_word' id='word_1_219' title='bbox 804 2631 961 2675; x_wconf 86' lang='lat' dir='ltr'>bipennis</span> <span class='ocrx_word' id='word_1_220' title='bbox 982 2631 988 2676; x_wconf 92' lang='grc'>1</span> <span class='ocrx_word' id='word_1_221' title='bbox 1009 2631 1131 2665; x_wconf 87' lang='lat' dir='ltr'>delune</span> <span class='ocrx_word' id='word_1_222' title='bbox 1164 2629 1321 2674; x_wconf 86' lang='lat' dir='ltr'>bipennis</span> <span class='ocrx_word' id='word_1_223' title='bbox 1346 2629 1430 2663; x_wconf 82' lang='lat' dir='ltr'>libri</span> <span class='ocrx_word' id='word_1_224' title='bbox 1453 2632 1488 2663; x_wconf 79' lang='lat' dir='ltr'>et</span> <span class='ocrx_word' id='word_1_225' title='bbox 1509 2628 1678 2673; x_wconf 69' lang='lat' dir='ltr'>bipennis</span> <span class='ocrx_word' id='word_1_226' title='bbox 1680 2671 1682 2674; x_wconf 27' lang='grc' dir='ltr'>Ι</span> <span class='ocrx_word' id='word_1_227' title='bbox 1712 2662 1725 2674; x_wconf 14' lang='lat' dir='ltr'>A*</span> 
     </span>
     <span class='ocr_line' id='line_1_39' title="bbox 230 2677 1726 2722; baseline 0 -11"><span class='ocrx_word' id='word_1_228' title='bbox 230 2678 371 2721; x_wconf 68' lang='lat' dir='ltr'>quedem</span> <span class='ocrx_word' id='word_1_229' title='bbox 395 2679 549 2718; x_wconf 74' lang='lat' dir='ltr'>fortasse</span> <span class='ocrx_word' id='word_1_230' title='bbox 571 2681 648 2722; x_wconf 74' lang='lat' dir='ltr'>ipse</span> <span class='ocrx_word' id='word_1_231' title='bbox 670 2677 810 2711; x_wconf 74' lang='lat' dir='ltr'>Nonius</span> <span class='ocrx_word' id='word_1_232' title='bbox 1680 2694 1696 2711; x_wconf 53' lang='grc' dir='ltr'>ν.</span> <span class='ocrx_word' id='word_1_233' title='bbox 1724 2687 1726 2702; x_wconf 72' lang='grc'>’-</span> 
     </span>
    </p>
   </div>
   <div class='ocr_carea' id='block_1_21' title="bbox 1676 1871 1728 2886">
    <p class='ocr_par' dir='ltr' id='par_1_21' title="bbox 1676 1871 1728 2886">
     <span class='ocr_line' id='line_1_40' title="bbox 1676 1871 1728 2886; baseline 0 0"><span class='ocrx_word' id='word_1_234' title='bbox 1676 1871 1728 2886; x_wconf 95' lang='lat' dir='ltr'> </span> 
     </span>
    </p>
   </div>
  </div>
 </body>
</html>
