1728 2886
214 147 294 185 228
832 146 1028 181 SENECAE

418 261 490 301 iam
514 261 686 301 medium
709 274 829 302 curru
852 261 1033 302 Phoebus
1053 262 1234 303 diviserat
1255 262 1389 303 orbem

417 324 454 357 et
474 318 639 371 propior
659 319 766 358 nocti
787 319 908 359 fessas
929 318 1128 370 quatiebat
1147 319 1319 360 habenas

419 374 579 427 obliquo
601 375 738 414 flexam
761 375 960 415 deducens
980 375 1132 415 tramite
1154 376 1302 416 lucem:

162 437 186 477 3
217 432 400 472 Claudius
436 431 604 471 animam
644 444 758 483 agere
798 432 928 484 coepit
964 445 1038 472 nec
1076 432 1252 472 invenire
1292 433 1437 474 exitum
1474 441 1638 486 poterat.

214 497 298 529 tum
320 489 548 535 Mercurius,
569 489 637 540 qui
657 501 813 542 semper
834 489 995 540 ingenio
1017 489 1100 529 eius
1117 490 1330 531 delectatus
1351 496 1464 538 esset,
1486 503 1601 531 unam
1619 504 1641 532 e
1670 499 1689 532 5

213 546 341 586 tribus
361 545 495 585 Parcis
515 545 665 585 seducit
687 552 726 585 et
746 546 817 585 ait:
841 546 959 597 ‘quid,
982 546 1124 585 femina
1141 546 1420 593 crudelissima,
1441 546 1640 588 hominem

214 603 399 643 miserum
421 602 599 654 torqueri
615 601 788 654 pateris?
811 615 885 642 nec
902 615 1077 654 unquam
1096 610 1174 642 tam
1191 603 1257 644 diu
1274 604 1470 644 cruciatus
1486 603 1639 645 cesset?

214 672 345 700 annus
359 660 624 710 sexagesimus
641 666 803 710 quartus
824 665 895 708 est,
917 672 964 699 ex
981 672 1060 711 quo
1081 672 1171 699 cum
1188 660 1318 700 anima
1332 661 1512 700 luctatur.
1548 661 1640 713 quid

214 717 306 756 huic
337 723 375 756 et
403 716 461 756 rei
491 716 671 768 publicae
702 714 880 756 invides?
944 723 1080 768 patere
1109 717 1402 757 mathematicos
1432 717 1639 769 aliquando
1689 763 1691 767 ¹

213 786 347 813 verum
380 773 532 820 dicere,
564 772 632 824 qui
653 773 783 821 illum,
815 786 859 812 ex
893 785 970 824 quo
993 773 1178 826 princeps
1206 775 1331 814 sactus
1351 782 1430 823 est,
1461 774 1644 815 omnibus
1671 776 1717 827 ²22

214 830 350 877 annis,
382 829 567 869 omnibus
597 830 799 869 mensibus
830 830 1012 869 efferunt.
1069 837 1106 870 et
1136 836 1267 870 tamen
1299 844 1379 871 non
1412 837 1470 872 est
1498 831 1640 871 mirum
1697 830 1703 854 ²

213 887 244 927 si
266 894 401 926 errant
430 892 468 925 et
488 886 623 926 horam
654 886 739 926 eius
760 899 876 926 nemo
900 887 1026 935 novit;
1057 899 1173 926 nemo
1203 888 1308 927 enim
1338 900 1511 940 unquam
1534 888 1642 928 illum

214 951 350 984 natum
372 943 534 996 putavit.
573 944 634 983 fac
656 944 760 995 quod
783 944 1007 983 faciendum
1027 951 1102 984 est:

419 1000 542 1040 “dede
565 1000 664 1048 neci,
686 1000 825 1040 melior
844 1013 962 1040 vacua
983 1001 1068 1041 sine
1090 1007 1229 1053 iegnet
1250 1001 1289 1041 in
1311 1001 1443 1041 aula.''

213 1057 281 1097 sed
311 1057 450 1097 Clotho
481 1060 567 1108 ‘ego
595 1057 853 1097 mehercules'
884 1058 1012 1109 inquit
1042 1058 1240 1110 pusillum
1273 1059 1461 1122 temporis
1490 1059 1642 1099 adicere
1670 1029 1719 1101 α

212 1114 267 1153 illi
288 1113 487 1162 volebam,
509 1113 602 1154 dum
622 1114 695 1154 hos
715 1114 926 1166 pauculos,
949 1114 1016 1166 qui
1037 1120 1271 1166 supersunt
1292 1115 1445 1155 civitate
1466 1115 1640 1156 donaret’
1687 1124 1715 1158 ’ζῶ

212 1193 269 1200 -
289 1171 549 1211 constituerat
570 1171 675 1210 enim
698 1184 837 1211 omnes
861 1171 1047 1219 Graecos,
1072 1170 1221 1218 Gallos,
1246 1171 1462 1224 Hispanos,
1486 1172 1642 1212 Britan·
1693 1170 1728 1200 ‘³⁴³

214 1240 288 1267 nos
308 1233 462 1280 togatos
482 1226 612 1267 videre
642 1251 698 1258 -—
719 1229 798 1268 ‘sed
822 1228 1008 1279 quoniam
1030 1228 1157 1280 placet
1177 1228 1328 1280 aliquos
1348 1230 1580 1282 peregrinos
1601 1229 1642 1269 in
1696 1230 1721 1258 ⁷³

213 1296 349 1324 semen
371 1284 541 1336 relinqui
570 1290 608 1324 et
637 1291 681 1324 tu
702 1285 753 1324 ita
779 1285 890 1325 iubes
911 1285 1015 1331 fieri,
1045 1285 1135 1325 fiat’.
1184 1286 1311 1337 aperit
1338 1293 1422 1326 tum
1443 1287 1642 1339 capsulam

214 1349 254 1380 et
280 1348 360 1382 tres
387 1342 496 1381 fusos
521 1342 693 1393 profert:
730 1354 834 1382 unus
866 1349 947 1381 erat
967 1342 1181 1394 Augurini,
1211 1342 1308 1382 alter
1326 1342 1474 1390 Babae,
1503 1343 1642 1383 tertius
1671 1341 1728 1382 8-

215 1397 376 1438 Claudii.
413 1397 511 1438 ‘hos’
531 1398 659 1449 inquit
680 1402 772 1438 ‘tres
792 1411 873 1438 uno
891 1411 996 1438 anno
1019 1399 1169 1451 exiguis
1186 1399 1398 1439 intervallis
1418 1407 1640 1452 temporum

214 1453 357 1495 divisos
373 1455 474 1495 mori
490 1454 647 1503 iubebo,
671 1467 745 1494 nec
761 1455 869 1494 illum
886 1455 1157 1494 incomitatum
1179 1455 1382 1495 dimittam.
1418 1469 1498 1496 non
1522 1469 1639 1509 opor·
1695 1465 1721 1498 -ι,

213 1517 270 1551 tet
292 1512 395 1551 enim
418 1524 529 1559 eum,
562 1511 628 1563 qui
650 1512 767 1551 modo
788 1525 829 1551 se
851 1518 909 1551 tot
937 1511 1040 1551 milia
1070 1512 1275 1552 hominum
1303 1514 1508 1565 sequentia
1537 1513 1640 1554 vide-
1707 1547 1721 1558 .,

215 1567 293 1616 bat,
315 1575 374 1609 tot
389 1567 675 1621 praecedentia,
698 1575 757 1608 tot
771 1569 1020 1617 circumfusa,
1041 1568 1172 1608 subito
1189 1569 1315 1609 solum
1337 1569 1506 1610 destitui.
1543 1583 1640 1611 con·

214 1631 348 1666 tentus
371 1626 445 1666 erit
463 1625 525 1665 his
545 1624 703 1664 interim
725 1625 1047 1665 convictoribus!
1508 1659 1510 1662 .
1670 1621 1728 1682 Ψὲ

161 1687 187 1725 4
421 1683 518 1722 haec
539 1682 592 1721 ait
611 1688 650 1721 et
669 1683 774 1735 turpi
796 1682 1032 1731 convolvens
1052 1682 1215 1722 stamina
1236 1683 1323 1723 fuso

422 1738 580 1791 abrupit
600 1739 763 1779 stolidae
785 1739 927 1792 regalia
949 1746 1125 1791 tempora
1147 1739 1258 1779 vitae.

419 1803 457 1835 at
477 1795 661 1836 Lachesis
681 1796 858 1836 redimita
880 1809 1022 1842 comas,
1045 1803 1182 1836 ornata
1205 1796 1378 1849 capillos,

419 1853 546 1893 Pieria
568 1853 718 1893 crinem
740 1853 851 1893 lauro
871 1854 1122 1905 frontemque
1143 1865 1339 1894 coronans

420 1909 583 1950 candida
604 1909 652 1949 de
674 1910 788 1950 niveo
809 1910 1032 1950 subtemina
1053 1910 1194 1950 vellere
1214 1911 1334 1950 sumit

419 1966 524 2006 felici
544 1967 783 2007 moderanda
804 1979 935 2014 manu,
958 1979 1057 2019 quae
1079 1966 1194 2007 ducta
1216 1967 1387 2007 colorem

419 2035 667 2076 assumpsere
689 2036 848 2064 novum.
889 2023 1082 2063 mirantur
1102 2036 1222 2076 pensa
1243 2036 1418 2065 sorores:

419 2086 593 2120 mutatur
612 2080 696 2120 vilis
718 2081 892 2132 pretioso
913 2081 1001 2120 lana
1021 2081 1188 2128 metallo,

419 2149 535 2177 aurea
557 2137 732 2178 formoso
754 2137 1000 2178 descendunt
1019 2138 1171 2178 saecula
1193 2138 1259 2177 filo

420 2205 494 2234 nec
516 2194 656 2234 modus
676 2201 735 2234 est
755 2193 840 2241 illis,
864 2195 987 2234 felicia
1008 2194 1148 2234 vellera
1170 2194 1321 2234 ducunt

420 2257 459 2290 et
479 2251 651 2302 gaudent
670 2251 834 2303 implere
855 2263 1007 2297 manus,
1028 2259 1120 2291 sunt
1141 2251 1266 2291 dulcia
1288 2263 1422 2303 pensa.

419 2314 562 2359 sponte
583 2319 652 2348 sua
673 2307 829 2348 festinat
850 2320 951 2360 opus
972 2308 1159 2359 nulloque
1180 2307 1313 2348 labore

419 2364 550 2403 mollia
570 2371 752 2404 contorto
774 2364 1019 2405 descendunt
1038 2364 1203 2405 stamina
1223 2366 1322 2406 fuso.

420 2421 584 2461 vincunt
605 2421 777 2469 Tithoni,
798 2422 960 2461 vincunt
981 2429 1019 2461 et
1039 2421 1215 2462 Nestoris
1235 2433 1372 2462 annos.

420 2477 602 2518 Phoebus
622 2478 729 2518 adest
749 2486 946 2530 cantuque
967 2478 1069 2518 iuvat
1089 2478 1309 2531 gaudetque
1329 2477 1471 2518 futuris

420 2540 458 2573 et
479 2534 602 2574 laetus
625 2547 732 2574 nunc
753 2535 900 2587 plectra
922 2541 1062 2582 movet,
1086 2547 1193 2576 nunc
1214 2547 1336 2587 pensa
1359 2534 1563 2575 ministrat.

331 2658 349 2689 7
376 2657 544 2691 cruciatus
568 2661 677 2692 esset:
702 2657 791 2692 exiet
815 2658 968 2691 Haustus
984 2658 996 2702 μ
1015 2659 1057 2692 22
1083 2666 1124 2691 ne
1145 2657 1302 2691 Welzlius
1318 2657 1330 2701 ΙΙ
1349 2658 1390 2692 28
1416 2666 1541 2691 come&
1564 2654 1640 2696 for-
