1728 2886
670 109 924 155 MENJPPEAE'
1426 115 1508 155 173

215 293 397 333 Socrates
417 304 506 332 cum
527 292 568 332 in
585 235 937 344 vinculisvssigfflicis
958 297 1060 331 esset
1081 296 1120 330 et
1140 290 1216 330 iam
1239 289 1401 330 bibisset
1427 285 1514 330 κώ·
1542 294 1582 328 99

40 366 44 367 ’
85 363 215 401 vetor,
237 349 277 389 in
300 348 438 389 exodio
457 349 555 389 vitae

214 484 336 525 habes
355 485 423 536 qui
444 491 482 525 et
502 484 613 524 cuius
633 483 690 523 rei
711 426 1017 523 οζιῐιιεεξᾩεοθνίῐη
1044 481 1303 522 hecatomben
1322 494 1330 520 :
1362 481 1403 521 in
1435 492 1514 533 quo
1543 484 1601 518 100

8 551 10 553 ’
42 551 46 553 “
83 554 157 594 ego
178 548 222 582 ut
242 548 349 594 puto,
371 541 556 593 quoniam
578 547 637 581 est
655 540 765 579 luere
786 539 948 588 solvere,
970 539 1087 579 lutavi

2 930 31 1133 νην-«τιωωῑ-ω
5 904 9 914 ·>
5 819 9 826 -

17 1132 40 1214 *³⁴³1
19 1084 34 1101 Τὰ
18 1049 27 1053 ²
34 894 37 899 .
35 850 38 851 ,
34 612 38 630 ,,

5 1136 21 1240 ἒ

4 1241 34 1300 3;;

6 1331 35 1399 ξς

6 1394 29 1432 εἴ

25 1442 37 1455 ἒ

659 649 882 687 ENDYMION
888 649 937 683 ES

751 720 767 759 Ι
789 720 846 771 (8)

429 783 474 818 ut
493 777 729 818 Mercurium
752 771 943 816 'Arcadon
966 776 1152 816 colonum
1546 777 1602 811 101

746 856 781 895 11
801 851 858 905 (4)

128 969 135 976 .
176 969 183 976 .
218 912 498 953 discumbimus
527 913 707 961 mussati,
747 912 931 952 dominus
960 917 1115 952 maturo
1146 923 1217 951 ovo
1249 921 1385 950 cenam
1407 920 1515 948 com·
1545 913 1602 947 102

84 975 202 1009 mittit

727 1025 780 1064 lll
801 1026 859 1075 (6)

218 1081 310 1122 dum
332 1093 515 1122 sermone
535 1081 714 1121 cenulam
735 1082 938 1128 variamus,
1546 1082 1602 1116 103

359 1138 507 1178 interea
528 1138 658 1178 tonuit
678 1137 779 1178 bene
799 1141 1030 1190 tempestate
1046 1148 1184 1176 serena

709 1214 791 1256 '1111
815 1216 872 1268 (5)
1147 1197 1150 1200 ’

218 1273 617 1326 divitum-amphoras
646 1273 759 1314 Chias
788 1274 835 1313 ad
867 1285 1117 1313 communem
1144 1277 1301 1312 revocat
1319 1270 1514 1311 matellam
1545 1274 1602 1309 104

750 1353 778 1390 V
800 1353 858 1404 (¹)

220 1409 392 1448 animum
415 1408 526 1448 mitto
547 1403 789 1461 speculatum
810 1415 891 1448 tota
912 1408 1010 1449 urbe
1023 1437 1033 1457 ,
1073 1414 1117 1448 ut
1137 1408 1228 1459 quid
1251 1409 1424 1448 facerent
1445 1406 1517 1446 ho·
1547 1411 1603 1445 105

87 1464 226 1513 mines,
249 1477 338 1505 cum
359 1466 575 1517 experrecti
596 1466 695 1513 sint,
717 1479 780 1506 me
801 1466 946 1506 faceret
966 1464 1195 1513 certiorem;
1226 1464 1349 1516 siquis
1377 1463 1516 1503 melius

8 1520 38 1572 ,J
87 1533 246 1574 operam
267 1527 459 1570 sumeret,
491 1528 534 1562 ut
561 1522 644 1562 eius
664 1523 828 1562 consilio
849 1522 980 1574 potius
1003 1521 1174 1573 vigilium
1196 1520 1516 1561 adminicularem

88 1584 279 1618 nostrum.
320 1579 412 1630 quid
434 1578 527 1618 vidit
546 1579 649 1619 aliud
672 1586 874 1619 curantem
895 1585 1069 1618 extremo
1091 1578 1218 1618 noctis
1237 1584 1415 1630 tempore

740 1657 770 1695 V

222 1714 287 1765 qui
309 1714 340 1753 si
362 1720 405 1753 ut
426 1713 586 1765 vigilare
606 1720 756 1754 matura
773 1658 956 1766 Icssgisti,
979 1713 1019 1753 in
1041 1726 1088 1753 eo
1108 1721 1143 1754 te
1163 1713 1375 1753 retinueris
1547 1716 1604 1750 106

727 1793 793 1832 VI!
832 1793 856 1832 2

220 1859 340 1899 quare
369 1849 400 1889 si
431 1849 470 1889 in
494 1861 676 1889 somnum
706 1794 915 1890 reccifieiis
944 1855 982 1889 et
1011 1843 1124 1904 ἇωρί
1144 1863 1256 1890 ποτε
1276 1847 1352 1888 eris
1374 1847 1515 1888 iterum
1546 1853 1600 1887 101

9 1915 10 1918 ¹
86 1911 343 1958 exporrectus

222 2017 278 2057 sic
299 2017 344 2056 ad
366 2030 434 2058 vos
454 2018 568 2059 citius
589 1962 1094 2072 ορὶηἰοὲὲιξέῐζέἰβὴυηᾶυε
1114 2018 1231 2058 miser
1252 2002 1378 2057 decidi
1548 2022 1605 2058 108

201 2130 244 2163 99
267 2127 312 2162 Ν.
334 2139 369 2172 p.
395 2129 436 2162 27
461 2129 634 2164 exodium:
672 2131 855 2173 legebatur
878 2132 917 2163 in
939 2133 1064 2162 satura
1089 2132 1171 2162 ante
1194 2127 1243 2169 s’r.
1267 2129 1310 2163 98
1339 2127 1352 2171 ΙΙ
1383 2128 1447 2161 100
1471 2126 1516 2161 Ν.

88 2185 123 2218 p.
151 2175 213 2209 131
240 2173 344 2207 tutavi

204 2220 266 2254 101
292 2219 337 2253 Ν.
357 2230 394 2262 1).
420 2221 484 2254 250
520 2220 648 2254 colere:
678 2223 796 2263 potest
828 2231 896 2264 pro
933 2219 1224 2263 hendecasyllabo
1255 2220 1347 2262 poni
1380 2219 1520 2251 ionicus

21 2264 43 2311 ἐξ
88 2274 210 2298 ver-eus
232 2263 245 2308 ΙΙ
273 2266 338 2299 102
363 2264 408 2297 Ν.
430 2276 465 2308 p.
491 2266 556 2299 249
581 2266 794 2299 committere
818 2269 851 2298 οι
870 2277 906 2309 p.
933 2267 998 2300 282
1022 2264 1180 2299 dominus
1205 2267 1239 2297 et
1258 2275 1294 2307 p.
1320 2265 1386 2299 349
1410 2265 1519 2296 matu-

35 2320 42 2323 ’·
74 2310 349 2352 .rum1mussati
369 2320 406 2352 p.
432 2311 515 2344 282:
540 2311 684 2344 muscati
709 2321 747 2354 p.
772 2313 858 2353 349,
891 2311 988 2345 multi
1019 2321 1052 2353 p.
1079 2311 1144 2345 249
1177 2310 1183 2350 Ι
1214 2313 1345 2344 maturo
1376 2318 1442 2342 ovo
1475 2308 1518 2342 ad

29 2363 36 2380 ¹·
89 2364 206 2388 cenam
228 2365 263 2398 p.
289 2356 366 2396 349,
391 2360 519 2388 matura
545 2365 662 2389 cenam
683 2367 720 2399 p.
746 2357 822 2398 249,
846 2355 1084 2390 mandarenam
1105 2366 1140 2398 p.
1159 2356 1235 2390 282.
1279 2355 1348 2388 lusi
1370 2353 1518 2388 mulsum

87 2398 247 2434 dominus
270 2405 434 2444 maturaq.
460 2410 523 2434 ova
549 2400 617 2443 dat,
642 2411 760 2435 cenam
783 2403 796 2445 ΙΙ
823 2403 886 2436 103
910 2401 955 2436 Ν,
976 2412 1012 2444 p.
1036 2402 1103 2435 408
1128 2402 1313 2444 tempestas
1341 2399 1354 2444 ΙΙ
1385 2401 1450 2434 104
1473 2398 1518 2433 Ν.

84 2454 123 2488 p,
141 2444 206 2479 543
231 2445 368 2479 matella
390 2445 395 2489 Ι
416 2446 583 2489 aphocas:
608 2446 793 2489 apothecas
813 2445 994 2480 Turnebus
1017 2445 1030 2489 fl
1055 2447 1117 2480 105
1140 2445 1186 2479 Ν.
1198 2456 1238 2489 p.
1258 2446 1323 2480 232
1346 2444 1484 2488 vigiliae
1511 2443 1518 2488 Ι

86 2498 191 2534 opera
217 2495 365 2524 sumeret
392 2491 484 2570 Ιῦψιί
514 2490 608 2525 videt
632 2491 735 2526 alium
759 2492 871 2525 codeoe
893 2502 986 2544 unus
1004 2493 1124 2534 prima
1147 2501 1257 2524 manu
1288 2491 1294 2535 Ι
1322 2493 1518 2546 curvantem

90 2539 237 2569 extrema
268 2535 281 2579 ΙΙ
312 2537 375 2570 106
441 2563 448 2571 .
467 2547 506 2580 p.
531 2538 596 2571 349
621 2540 786 2571 maturum
806 2538 812 2580 Ι
834 2536 957 2580 quodsi
982 2536 1162 2570 Vahlenue
1181 2537 1186 2577 Ι
1207 2539 1337 2571 mature
1359 2536 1485 2570 lamus
1506 2535 1519 2579 11

86 2581 167 2668 111973
171 2578 225 2659 ἐξ
236 2582 587 2670 ἕῇξζξοεκροπεοιυιῃ
615 2583 621 2626 Ι
642 2591 784 2626 quaeres
808 2582 843 2616 in
868 2582 1034 2616 somnium
1056 2583 1061 2626 Ι
1081 2584 1116 2616 et
1133 2577 1348 2628 δδουρεποτε
1363 2582 1376 2627 ΙΙ
1396 2582 1460 2618 108
1473 2580 1518 2615 Ν,
