1728 2886
677 132 863 167 SATIRAE
1427 131 1448 170 7
1455 131 1479 169 9

28 250 181 302 ,locum
220 255 259 289 et
297 250 411 290 fatale
442 249 704 289 conditorium
743 249 921 288 familiari
952 261 996 289 ac
1028 249 1109 288 viro
1141 250 1298 288 faceret.
1339 247 1481 287 mulier

27 353 30 355 Δ
49 319 129 348 non
151 306 282 346 minus
303 306 526 346 misericors
546 318 663 357 quam
683 305 825 358 pudica
849 307 925 345 “ne
946 305 1075 345 istud''
1091 305 1220 357 inquit
1242 304 1320 344 “dii
1336 304 1479 350 sinant,

14 358 94 404 {ut
131 362 268 403 eodem
307 369 484 415 tempore
522 362 690 402 duorum
719 362 813 401 mihi
846 362 1136 402 carissimorum
1167 361 1370 401 hominum
1401 360 1479 400 duo

8 422 30 475 ξ
49 420 188 460 funera
217 425 403 471 spectem.
444 418 546 458 malo
577 423 776 458 mortuum
807 418 1036 470 impendere
1068 431 1184 469 quam
1216 418 1343 456 vivum
1374 417 1479 456 occi-

48 475 178 516 dere'fl
238 476 456 515 secundum
486 475 588 523 hanc
618 475 835 514 orationem
867 473 977 514 iubet
1007 487 1053 513 ex
1074 487 1162 514 arca
1184 486 1330 526 corpus
1350 473 1480 512 mariti

11 533 108 579 §.usui
137 531 218 572 tolli
250 538 367 583 atque
397 532 472 577 illi,
503 543 603 583 quae
633 531 812 579 vacabat,
843 531 951 570 cruci
982 531 1099 583 affigi.
1155 544 1250 570 usus
1281 536 1339 570 est
1369 530 1480 570 miles

10 631 18 659 t
47 588 208 641 ingenio
229 588 555 640 prudentissimae
577 588 764 636 feminae,
786 592 1026 658 posteroque
1047 587 1110 627 die
1131 587 1302 640 populus
1318 586 1480 625 miratus

9 662 21 692 3
48 651 118 694 est,
139 657 215 696 qua
237 645 390 684 ratione
410 650 589 684 mortuus
610 645 703 684 isset
724 644 762 683 in
786 656 958 684 crucem.

11 743 26 757 ,Ι
159 701 239 741 risu
261 713 452 753 excepere
473 700 642 740 fabulam
665 707 827 749 nautae,
850 696 917 755 [et]
940 700 1200 740 erubescente
1222 713 1302 740 non
1333 698 1480 738 medio-

24 757 164 799 “cl-iter
183 757 414 810 Tryphaena
444 758 672 809 vultumque
702 770 815 797 suum
847 769 968 809 super
987 757 1178 797 cervicem
1200 756 1354 796 Gitonis
1374 767 1479 794 ama-

42 813 178 855 hiliter
198 821 386 867 ponente.
428 821 465 854 at
486 827 568 854 non
590 814 728 854 Lichas
750 814 854 862 risit,
886 815 954 854 sed
975 814 1117 853 iratum
1139 825 1392 853 commovens
1413 824 1478 851 ca-

38 878 119 924 ‘put
149 871 194 911 ‘si
225 871 361 911 iustus'
392 871 520 922 inquit
550 871 778 923 ‘imperator
806 871 964 919 suisset,
996 870 1132 910 debuit
1161 870 1282 922 patris
1311 868 1478 909 familiae

10 927 13 941 ²
46 939 192 980 corpus
212 927 251 967 in
274 933 575 967 monumentum
596 928 757 974 referre,
779 927 982 966 mulierem
1004 928 1163 978 affigere
1184 926 1317 966 cruci'.

161 997 241 1024 non
274 983 391 1023 dubie
421 983 590 1023 redierat
618 984 658 1023 in
691 984 865 1023 animum
896 983 1042 1036 Hedyle
1073 983 1364 1035 expilatumque
1394 981 1479 1021 libi-

47 1040 183 1080 dinosa
213 1040 446 1091 migratione
478 1039 688 1092 navigium.
746 1041 814 1080 sed
844 1053 918 1080 nec
939 1040 1110 1079 foederis
1138 1039 1257 1079 verba
1276 1039 1480 1092 permitte-

48 1095 143 1137 bant
162 1097 406 1144 meminisse,
439 1109 512 1136 nee
533 1096 726 1144 hilaritas,
747 1108 848 1148 quae
879 1102 1138 1149 occupaverat
1158 1102 1334 1144 mentes,
1366 1095 1480 1134 dabat

47 1153 270 1194 iracundiae
291 1153 435 1193 locum.
485 1159 660 1193 ceterum
682 1153 913 1206 Tryphaena
935 1153 974 1192 in
998 1153 1147 1204 gremio
1170 1152 1323 1192 Gitonis
1352 1152 1479 1205 posita

47 1210 163 1250 modo
194 1209 380 1262 implebat
401 1210 544 1250 osculis
574 1217 733 1262 pectus,
765 1210 964 1249 interdum
985 1209 1252 1249 concinnabat
1271 1209 1478 1261 spoliatum

49 1265 225 1307 crinibus
245 1266 406 1306 vultum.
442 1264 448 1320 Ι
476 1278 548 1318 ego
568 1273 739 1306 maestus
769 1272 809 1306 et
837 1267 1045 1318 impatiens
1074 1266 1244 1306 foederis
1275 1266 1365 1306 novi
1397 1279 1476 1305 non

46 1322 198 1371 cibum,
220 1335 301 1362 non
323 1324 526 1375 potionem
547 1323 770 1375 capiebam,
800 1323 867 1363 sed
890 1323 1058 1374 obliquis
1077 1323 1335 1375 trucibusque
1357 1322 1482 1362 oculis

47 1385 260 1431 utrumque
290 1380 527 1432 spectabam.
588 1380 719 1419 omnia
758 1391 820 1419 me
862 1380 993 1420 oscula
1024 1379 1303 1427 vulnerabant,
1344 1391 1482 1419 omnes

50 1434 280 1484 blanditiae,
312 1449 568 1488 quascunque
599 1436 739 1476 mulier
769 1435 977 1476 libidinosa
1008 1436 1193 1488 fingebat.
1245 1448 1318 1475 nec
1348 1441 1480 1475 tamen

47 1492 176 1532 adhuc
195 1492 379 1541 sciebam,
400 1499 533 1533 utrum
555 1493 677 1545 magis
697 1505 820 1545 puero
840 1493 1053 1540 irascerer,
1076 1493 1180 1544 quod
1203 1493 1367 1532 amicam
1387 1492 1482 1532 mihi

50 1549 240 1598 auferret,
271 1561 320 1588 an
351 1549 519 1597 amicae,
551 1550 655 1600 quod
686 1561 853 1600 puerum
886 1555 1180 1600 corrumperet:
1211 1555 1375 1600 utraque
1406 1549 1482 1588 ini-

47 1605 255 1647 micissima
287 1606 411 1646 oculis
441 1606 537 1645 meis
566 1613 605 1644 et
634 1605 855 1657 captivitate
884 1606 1094 1658 praeterita
1124 1606 1309 1645 tristiora.
1369 1618 1482 1645 acce-

46 1660 168 1702 debat
187 1662 285 1710 huc,
308 1663 414 1713 quod
435 1674 564 1713 neque
585 1662 819 1714 Tryphaena
840 1675 902 1701 me
923 1662 1197 1714 alloquebatur
1216 1667 1403 1714 tanquam
1426 1663 1482 1701 sa-

27 1717 240 1759 'miliarem
261 1725 300 1758 et
319 1718 528 1771 aliquando
549 1724 702 1769 gratum
725 1717 799 1758 sibi
821 1724 1033 1758 amatorem
1047 1749 1057 1765 ,
1089 1730 1163 1757 nec
1185 1718 1302 1758 Giton
1333 1731 1396 1758 me
1418 1725 1484 1758 aut

39 1774 238 1815 ‘tralaticia
258 1775 536 1828 propinatione
555 1775 720 1826 dignum
742 1774 948 1823 iudicabat,
970 1781 1036 1815 aut
1057 1775 1162 1826 quod
1182 1775 1388 1814 minimum
1410 1781 1483 1822 est,

49 1840 232 1872 sermone
254 1832 454 1872 communi
474 1831 647 1879 vocabat,
669 1831 801 1879 credo,
817 1832 962 1872 veritus
985 1844 1034 1871 ne
1056 1831 1160 1870 inter
1175 1831 1285 1871 initia
1303 1831 1484 1871 coeuntis

47 1887 194 1940 'gratiae
213 1893 415 1928 recentem
446 1888 668 1928 cicatricem
688 1888 944 1928 rescinderet.
985 1888 1226 1928 inundavere
1256 1894 1396 1941 pectus
1426 1888 1483 1928 la-

49 1943 195 1984 crimae
214 1943 351 1985 dolore
372 1951 540 1997 paratae,
561 1945 808 1996 gemitusque
829 1945 997 1997 suspirio
1018 1950 1147 1984 tectus
1167 1944 1335 1984 animam
1358 1957 1483 1997 paene

48 1999 246 2041 submovit

761 2059 784 2084 ηε

165 2113 206 2153 in
227 2118 378 2165 partem
395 2113 604 2165 voluptatis
624 2113 839 2165 temptabat
859 2108 1019 2161 admitti,
1042 2125 1117 2152 nee
1138 2112 1286 2152 domini
1307 2113 1484 2165 superci—

52 2168 148 2211 lium
168 2169 367 2218 induebat,
389 2170 454 2210 sed
477 2170 589 2209 amici
611 2169 824 2221 quaerebat
845 2168 1079 2221 obsequium

48 2237 55 2251 -’
756 2240 779 2265 *

18 2286 61 2319 5⁹-
166 2282 210 2323 ‘si
242 2282 334 2335 quid
363 2282 528 2334 ingenui
557 2283 765 2334 sanguinis
794 2281 937 2331 habes,
969 2295 1050 2322 non
1073 2281 1198 2334 pluris
1219 2281 1323 2321 illam
1354 2281 1485 2330 facies,

58 2349 174 2391 quam
194 2345 379 2379 scortum.
422 2339 453 2379 si
474 2339 532 2378 vir
552 2340 687 2388 fueris,
711 2352 791 2379 non
814 2338 888 2379 ibis
910 2339 956 2378 ad
977 2337 1196 2391 spintriam'

170 2496 186 2528 1
213 2494 470 2528 contubernium
482 2496 675 2538 flagitatur
699 2495 771 2527 nm·
799 2496 911 2537 periit
931 2493 1142 2526 vocabulum
1157 2493 1169 2536 ΙΙ
1189 2495 1210 2527 2
1231 2502 1293 2527 nec
1310 2494 1358 2537 113
1379 2492 1486 2526 bomi-

54 2546 136 2573 num
159 2538 226 2573 duo
251 2542 372 2573 omisit
397 2539 426 2573 L
442 2539 455 2583 ss
475 2542 516 2575 14
530 2539 641 2574 hedile
694 2542 733 2574 16
749 2542 1058 2583 praeoccupaverat
1075 2539 1161 2572 libri
1175 2538 1282 2572 multi
1296 2538 1309 2582 ΙΙ
1328 2539 1370 2573 35
1379 2548 1486 2581 prae-

50 2585 307 2674 magnei&
331 2584 556 2629 Tryphaenae
579 2585 623 2619 ad
677 2584 850 2627 ncolpium
873 2585 886 2628 ΙΙ
911 2585 955 2618 36
980 2586 1132 2627 sportam
1161 2586 1166 2628 Ι
1187 2583 1230 2618 ad
1254 2583 1407 2627 spuicam
1431 2582 1490 2616 vel

1515 699 1594 740 113
