1728 2886
244 157 265 195 1
272 158 324 196 ΟΟ
883 150 1087 185 PETRONII

243 273 283 312 in
316 269 499 311 iniuriam
519 267 707 320 vigilavit,
740 279 788 306 an
813 272 1027 307 contentus
1047 265 1121 305 fuit
1140 264 1251 304 vidua
1274 264 1493 316 pudicaque
1515 268 1631 303 nocte
1641 260 1698 301 ‘m

244 328 371 380 tetigit
399 338 500 379 puer
531 325 667 365 oculos
696 336 788 364 suos
812 322 1204 375 conceptissimisque
1226 320 1364 360 iuravit
1383 320 1511 360 verbis
1531 319 1603 360 sibi
1626 318 1674 359 ab

245 384 402 437 Ascylto
425 382 570 423 nullam
589 381 665 421 vim
688 381 829 421 factam
949 434 970 458 *

247 497 458 551 positoque
480 496 520 535 in
542 494 677 534 limine
699 507 802 546 genu
825 495 880 534 sic
901 494 1133 546 deprecatus
1154 503 1239 531 sum
1263 490 1427 530 numina
1448 501 1583 529 versu:

320 553 598 606 ‘Nympharum
622 551 842 603 Bacchique
862 562 1005 598 comes,
1027 561 1144 601 quem
1165 547 1330 600 pulchra
1352 547 1477 587 Dione

334 609 518 650 divitibus
538 609 642 649 silvis
663 620 811 648 numen
833 607 951 655 dedit,
973 605 1107 646 inclita
1128 610 1239 657 paret

336 666 570 719 cui-Lesbos
592 665 804 716 viridisque
825 664 986 711 Thasos,
1009 674 1125 714 quem
1147 661 1277 714 Lydus
1297 660 1433 699 adorat

335 723 629 776 semperflavius
650 721 920 773 templumque
941 719 1023 759 suis
1043 718 1211 770 imponit
1232 716 1450 769 Hypaepis:

328 782 413 821 huc
435 781 526 820 ades
547 785 585 819 et
606 778 747 818 Bacchi
767 783 876 817 tutor
896 776 1174 829 Dryadumque
1193 773 1384 826 voluptas,

291 883 293 885 v
339 845 378 878 et
397 837 552 876 timidas
573 835 732 875 admitte
753 835 905 887 preces.
947 845 1027 872 non
1050 831 1243 883 sanguine
1264 830 1365 870 tristi

339 895 522 947 perfusus
543 892 671 939 venio,
696 905 774 931 non
797 890 952 943 templis
973 889 1117 942 impius
1137 887 1260 928 hostis

338 950 490 991 admovi
512 950 699 997 dextram,
720 948 789 989 sed
810 948 926 1000 inops
947 952 985 986 et
1004 946 1124 986 rebus
1145 944 1279 997 egenis

339 1008 495 1048 attritus
515 1006 667 1046 facinus
688 1018 769 1045 non
792 1010 875 1044 toto
897 1015 1064 1056 corpore
1085 1002 1174 1042 feci.

342 1064 519 1117 quisquis
539 1068 678 1116 peccat
697 1062 825 1115 inops,
846 1061 980 1101 minor
1000 1066 1059 1100 est
1078 1071 1182 1099 reus.
1224 1059 1295 1097 hac
1317 1068 1448 1110 prece,
1470 1066 1627 1106 quaeSO‚

341 1133 511 1162 exonera
531 1125 704 1160 mentem
727 1119 944 1171 culpaeque
965 1117 1126 1169 ignosce
1146 1113 1309 1155 mineri:

341 1184 379 1218 et
400 1177 639 1230 quandoque
659 1176 754 1216 mihi
774 1176 956 1215 fortunae
979 1173 1154 1213 arriserit
1174 1173 1283 1219 hora,

343 1248 425 1275 non
448 1235 533 1275 sine
553 1234 707 1273 honore
727 1238 840 1272 tuum
861 1231 988 1284 patiar
1008 1230 1140 1270 decus.
1181 1229 1254 1268 ibit
1272 1228 1319 1267 ad
1341 1238 1438 1274 aras,

341 1297 487 1339 sancte,
510 1297 596 1331 tuas
615 1290 762 1336 hircus,
784 1288 939 1341 pecoris
959 1293 1083 1340 pater,
1105 1287 1176 1326 ibit
1197 1285 1242 1325 ad
1265 1296 1350 1325 aras

343 1349 531 1400 corniger
550 1354 589 1387 et
609 1346 796 1399 querulae
817 1346 919 1385 fetus
939 1344 1033 1393 suis,
1053 1344 1180 1383 hostia
1201 1343 1362 1382 lactens.

343 1404 543 1458 spumabit
561 1404 708 1456 pateris
729 1403 881 1443 hornus
901 1402 1045 1453 liquor,
1067 1406 1107 1440 et
1126 1406 1187 1440 ter
1208 1405 1386 1439 ovantem

343 1463 448 1502 circa
469 1461 675 1501 delubrum
697 1472 876 1513 gressum
898 1459 997 1498 seret
1017 1457 1126 1497 ebria
1145 1455 1282 1509 pubes’

965 1529 986 1552 *

374 1575 466 1615 dum
487 1575 583 1614 haec
605 1586 676 1626 ago
698 1584 873 1624 curaque
893 1571 1041 1612 sollerti
1062 1570 1240 1623 deposito
1262 1581 1349 1608 meo
1372 1578 1508 1613 caveo,
1538 1562 1692 1605 intravit

262 1633 468 1673 delubrum
489 1643 589 1671 anus
609 1630 788 1670 laceratis
809 1627 987 1669 crinibus
1009 1628 1199 1680 nigraque
1219 1632 1324 1666 veste
1345 1622 1543 1670 deformis,
1565 1626 1704 1662 extra-⁷

265 1703 342 1742 que
363 1688 597 1730 vestibulum
619 1700 681 1727 me
702 1686 845 1727 iniecta
867 1697 986 1725 manu
1009 1684 1120 1724 duxit

970 1756 991 1779 ak

148 1812 231 1853 134
373 1801 380 1855 Ι
405 1805 520 1853 ‘quae
535 1800 678 1852 striges
693 1799 952 1839 comederunt
969 1810 1110 1838 nervos
1129 1804 1231 1843 tuos,
1253 1799 1320 1834 aut
1335 1793 1441 1846 quod
1457 1803 1694 1845 purgamen-

262 1866 346 1900 tum
377 1864 493 1898 nocte
523 1857 677 1897 calcasti
708 1857 747 1895 in
779 1856 891 1895 trivio
912 1861 979 1898 aut
998 1851 1189 1894 cadaver?
1222 1865 1272 1892 ne
1292 1864 1314 1891 a
1334 1861 1459 1903 puero
1480 1849 1636 1901 quidem
1657 1852 1696 1886 te

263 1915 488 1963 vindicasti,
510 1914 578 1954 sed
600 1913 749 1961 mollis,
772 1911 932 1961 debilis,
953 1912 1076 1952 lassus
1090 1941 1100 1959 ,
1120 1917 1310 1960 tanquam
1330 1906 1504 1947 caballus
1522 1905 1562 1945 in
1586 1904 1696 1951 clivo,

265 1980 303 2013 et
334 1984 493 2025 operam
525 1977 564 2011 et
593 1970 776 2011 sudorem
808 1968 1026 2022 perdidisti.
1067 1979 1142 2007 nec
1173 1971 1384 2006 contentus
1414 1963 1498 2016 ipse
1518 1972 1697 2015 peccare,

265 2029 360 2069 mihi
382 2030 477 2069 deos
498 2028 618 2068 iratos
639 2026 826 2067 excitasti'

970 2079 991 2103 ²1<

381 2139 387 2197 Ι
413 2154 458 2182 ac
488 2154 550 2181 me
581 2141 724 2181 iterum
755 2139 795 2179 in
828 2138 963 2179 cellam
985 2135 1198 2178 sacerdotis
1219 2134 1316 2174 nihil
1336 2137 1583 2177 recusantem
1606 2141 1698 2183 per-

273 2199 383 2240 duxit
413 2197 646 2251 impulitque
677 2209 798 2249 super
827 2196 973 2235 lectum
1003 2199 1043 2234 et
1072 2191 1335 2238 harundinem
1364 2189 1412 2230 ab
1442 2188 1541 2229 ostio
1572 2185 1698 2240 rapuit

271 2257 493 2308 iterumque
525 2254 621 2294 nihil
652 2253 958 2305 respondentem
989 2249 1183 2290 mulcavit.
1223 2261 1267 2288 ac
1289 2247 1363 2288 nisi
1384 2245 1515 2299 primo
1533 2245 1612 2285 ictu
1631 2243 1698 2283 ha-

271 2313 399 2352 rundo
432 2316 611 2364 quassata
642 2310 831 2362 impetum
860 2307 1103 2348 verberantis
1132 2305 1359 2352 minuisset,
1390 2301 1553 2344 forsitan
1585 2300 1698 2345 etiam

271 2369 429 2410 brachia
450 2381 534 2409 mea
552 2373 748 2420 caputque
766 2365 960 2418 fregisset.
991 2363 1165 2415 ingemui
1182 2374 1254 2414 ego
1270 2361 1408 2413 utique
1422 2363 1586 2412 propter
1599 2368 1698 2397 manv

388 2481 407 2514 8
433 2480 613 2524 septifluus
647 2479 732 2512 libri
754 2476 926 2521 plerique.
974 2473 1155 2511 vestifluus
1183 2472 1382 2513 Turnebus,
1413 2469 1614 2515 suppliciter
1637 2477 1698 2511 ego

275 2527 446 2567 temptavi
492 2525 560 2565 tuis
574 2524 588 2569 ss
607 2526 627 2559 9
652 2534 673 2562 o
698 2521 823 2557 Bacchi
850 2521 1038 2560 Goldastus
1065 2519 1078 2564 ΙΙ
1109 2520 1150 2555 16
1174 2528 1255 2553 aura
1280 2518 1447 2554 Pithoeus
1464 2515 1477 2560 ΙΙ
1495 2517 1537 2553 19
1562 2513 1670 2555 festus
1692 2511 1697 2556 1

275 2570 406 2603 lactans
423 2570 449 2602 0
473 2570 479 2614 Ι
498 2572 540 2604 23
558 2573 697 2614 atraque
717 2569 802 2602 libri
823 2566 1035 2609 interpolati
1050 2564 1063 2609 ΙΙ
1081 2566 1123 2599 25
1138 2566 1371 2608 praemissum
1391 2560 1594 2596 Proselenos
1618 2566 1698 2592 auus

275 2613 317 2653 ad
342 2614 543 2658 Encolpium
565 2615 570 2658 Ι
590 2613 829 2651 consciderunt
855 2613 992 2649 conieci
1007 2611 1021 2655 ΙΙ
1040 2612 1082 2646 26
1107 2610 1141 2644 ἰῃ
1165 2612 1265 2643 nocte
1285 2608 1291 2653 Ι
1312 2618 1374 2643 nec
1391 2606 1404 2651 ΙΙ
1429 2608 1473 2642 29
1495 2603 1670 2645 extricasti
1692 2601 1697 2645 Ι

276 2661 320 2695 34
344 2661 644 2704 mastu-pratiouem
669 2660 954 2702 langermannus
