1728 2886
691 105 877 142 PRIAPEA
1425 108 1503 147 147

682 221 907 262 XXXXVIII

236 285 349 333 Quod
372 293 520 339 partem
540 288 733 328 madidam
753 289 830 329 mei
850 289 998 338 videtis,

235 355 307 395 per
328 356 444 395 quam
466 345 667 397 significor
687 345 852 398 Priapus
874 358 971 394 csse,

236 413 317 440 non
340 413 405 440 ros
426 407 498 448 est,
519 401 612 440 mihi
633 401 761 450 crede,
782 414 856 441 nec
876 402 1029 454 pruina,

233 456 300 496 sed
323 457 427 508 quod
447 464 588 509 sponte
607 470 676 497 sua
696 458 796 497 solet
815 459 974 505 remitti,

234 525 323 552 cum
344 526 456 554 mens
477 520 534 554 est
553 514 730 566 pathicae
750 527 901 554 memor
919 515 1084 567 puellae.

669 615 911 655 xxxxvllll

233 681 305 728 Tu,
328 682 553 734 quicunque
573 682 678 722 vides
698 683 801 722 circa
822 683 982 723 tectoria
999 688 1134 723 nostra

286 751 367 778 non
390 738 553 778 nimium
573 739 667 779 casti
684 740 856 779 carmina
876 739 992 792 plena
1012 740 1099 787 ioci,

232 795 408 834 versibus
429 794 610 835 obscenis
631 796 776 835 offendi
797 796 951 836 desine:
973 808 1054 836 non
1077 802 1134 836 est

284 851 457 891 mentula
479 852 659 891 subducti
681 858 813 892 nostra
834 853 1043 905 supercilii.

781 953 811 992 L

231 1018 441 1067 Quaedam,
463 1020 495 1060 si
514 1019 640 1071 placet
660 1020 735 1060 hoc
755 1020 838 1068 tibi,
862 1020 1013 1072 Priape,

231 1076 476 1116 fucosissima
498 1088 559 1116 me
581 1076 709 1129 puella
730 1077 830 1116 ludit

231 1138 271 1171 et
290 1144 364 1171 nec
385 1132 450 1172 dat
468 1133 563 1172 mihi
585 1145 657 1173 nec
678 1139 795 1185 negat
814 1132 1004 1180 daturam,

230 1200 366 1228 causas
387 1189 535 1229 invenit
556 1202 678 1241 usque
699 1189 916 1229 differendi.

229 1257 328 1296 quae
348 1245 380 1284 si
401 1246 608 1298 contigerit
627 1247 791 1286 fruenda
813 1245 940 1292 nobis,
1425 1258 1444 1289 5

229 1307 350 1341 totam
369 1302 794 1354 comparibus,.Priape,
818 1302 962 1342 nostris

231 1358 432 1409 cingemus
451 1358 522 1398 tibi
542 1359 754 1399 mentulam
775 1359 946 1399 coronis.

765 1459 813 1499 LI

229 1526 331 1573 Quid
360 1527 436 1566 hoc
457 1527 590 1578 negoti
611 1533 670 1568 est
690 1540 813 1579 quave
833 1528 1010 1580 suspicer
1030 1540 1144 1569 causa

227 1583 360 1623 venire
380 1583 420 1622 in
442 1583 600 1622 hortum
620 1584 810 1636 plurimos
830 1596 960 1624 meum
982 1585 1101 1633 fures,

229 1652 318 1679 cum
340 1639 517 1691 quisquis
538 1641 578 1679 in
600 1653 674 1680 nos
694 1641 842 1687 incidit,
864 1641 945 1680 luat
966 1653 1116 1693 poenas

229 1702 267 1736 et
286 1708 411 1747 usque
432 1708 572 1736 curvos
593 1704 799 1737 excavetur
818 1697 864 1736 ad
885 1697 1071 1738 lumbos?

228 1765 309 1792 non
332 1753 428 1792 ficus
447 1753 511 1792 hic
532 1759 591 1793 est
610 1753 865 1805 praeferenda
884 1754 1033 1794 vicinae
1423 1764 1442 1796 5

227 1821 413 1860 uvaeque,
435 1809 568 1860 quales
587 1810 682 1849 ssava
702 1810 797 1862 legit
815 1810 943 1858 Arete,

229 1878 309 1905 non
331 1866 428 1905 mala
449 1866 599 1906 truncis
619 1866 831 1907 adserenda
854 1866 1007 1907 Picenis

227 1923 417 1974 pirumve‚
439 1927 547 1962 tanto
570 1923 675 1975 quod
696 1923 872 1975 periculo
894 1929 1040 1975 captes,

228 1979 427 2030 magisque
448 1991 536 2019 cera
557 1979 706 2020 luteum
730 1992 826 2019 nova
846 1991 1020 2031 prunum

228 2034 435 2075 sorbumve
455 2041 612 2076 ventres
631 2036 804 2076 lubricos
825 2041 1080 2076 moraturum.
1405 2045 1443 2078 10

226 2092 432 2143 praesigne
452 2092 548 2132 rami
571 2105 644 2132 nec
664 2093 740 2132 mei
761 2094 894 2132 serunt
913 2104 1067 2132 morum

228 2160 416 2188 nucemve
436 2148 606 2201 longam,
627 2162 743 2201 quam
763 2156 904 2189 vocant
923 2149 1152 2195 abellanam,

228 2205 518 2257 amygdalumve
539 2206 634 2245 flore
654 2218 852 2258 purpurae
873 2205 1040 2256 fulgens.

227 2273 307 2301 non
330 2261 590 2302 brassicarum
611 2263 714 2302 serre
729 2262 876 2314 glorior
895 2261 1025 2302 caules

228 2316 394 2366 betasve,
415 2324 580 2370 quantas
599 2319 737 2359 hortus
756 2319 894 2359 educat
914 2318 1058 2365 nullus,
1405 2325 1441 2358 15

227 2386 457 2415 crescensve
477 2387 633 2427 semper
652 2375 692 2415 in
714 2388 829 2416 suum
849 2380 967 2427 caput
987 2385 1161 2426 porrum.

188 2507 212 2541 L
236 2509 255 2542 2
280 2506 479 2542 ficosissima
507 2508 668 2551 plerique
698 2508 703 2550 Ι
736 2509 757 2542 4
792 2517 978 2551 causasque
1014 2509 1120 2550 volgo
1151 2507 1158 2551 Ι
1190 2509 1210 2541 6
1248 2517 1323 2542 cum
1357 2509 1496 2552 paribus

8 2583 9 2586 ,
77 2553 220 2596 quidam
244 2553 340 2595 (inde
362 2555 401 2585 in
426 2555 526 2586 exitu
549 2554 647 2587 nodis
666 2559 937 2596 proposueram)
961 2553 1127 2587 similibus
1151 2552 1218 2585 alii
1240 2552 1253 2596 ΙΙ
1278 2552 1315 2587 Ll
1343 2555 1382 2588 12
1406 2565 1494 2598 quae

77 2601 217 2632 vocatur
241 2597 316 2632 alva
340 2598 397 2631 vel
420 2598 495 2632 alna
515 2598 523 2642 Ι
547 2600 585 2633 13
611 2609 778 2642 purpureo

1156 2654 1232 2688 10*
