1728 2886
166 123 248 162 232
785 124 980 160 SENECAE

1658 186 1670 195 ν
1644 0 1682 178 „enen

170 251 246 290 que
268 244 346 286 est,
377 238 470 290 quid
499 237 547 278 de
573 238 687 278 nobis
709 238 991 279 existimabit?'
1032 240 1097 280 illo
1119 241 1278 281 dimisso
1299 241 1449 294 primus
1470 243 1594 283 inter-

168 301 330 347 rogatur
350 295 586 335 sententiam
608 295 726 335 Ianus
746 301 869 348 pater.
914 297 945 337 is
966 297 1191 349 designatus
1211 303 1294 338 erat
1321 298 1360 338 in
1383 298 1456 339 kal.
1477 299 1595 340 Iulias

168 351 498 417 postmeridianus
534 351 693 399 consul,
734 353 852 394 homo
892 354 1140 418 quantumvis
1172 354 1301 402 vafer,
1337 355 1406 406 qui
1439 367 1594 409 semper

168 409 270 449 videt
292 424 384 462 αμα
405 406 592 463 πρόσσω
614 408 685 450 καὶ
709 403 901 452 ὀπίσσω.
943 410 976 451 is
995 410 1115 451 multa
1137 411 1294 457 diserte
1321 412 1455 463 quod
1446 425 1486 452 ιιι
1507 413 1593 453 foro

168 465 339 513 vivebat,
369 465 485 514 dixit',
517 477 615 518 quae
646 467 823 507 notarius
851 468 1034 520 persequi
1063 481 1145 508 non
1175 468 1304 520 potuit
1331 474 1370 508 et
1398 468 1485 508 ideo
1514 481 1595 510 ιιοιι
1625 476 1646 510 5
1678 502 1690 522 5
1723 498 1725 502 Α

170 523 311 571 resero,
334 535 385 563 ne
402 522 486 563 aliis
500 522 630 563 verbis
646 535 804 575 ponam,
827 536 926 576 quae
947 524 1077 564 abillo
1100 525 1200 565 dicta
1222 531 1327 565 sunt.
1361 525 1481 565 multa
1501 525 1598 566 dixit
1674 523 1679 527 ”

170 579 217 619 de
239 579 508 632 magnitudine
530 580 712 619 deorum:
751 593 832 620 non
855 581 1000 621 dehere
1020 581 1126 622 hunc
1147 581 1261 633 vulgo
1289 582 1371 622 dari
1390 582 1596 623 honorem.

171 636 297 676 ‘olim'
327 636 455 688 inquit
488 640 643 689 ‘magna
672 648 735 678 res
760 644 843 677 erat
873 634 987 678 deum
1018 639 1124 678 fieri:
1161 638 1234 678 iam
1267 639 1407 678 samam
1437 639 1596 680 mimum
1646 672 1651 678 .

170 693 327 734 fecistis.
364 693 494 745 itaque
512 706 561 734 ne
578 694 708 734 videa1
727 694 765 735 in
784 707 1008 746 personam,
1031 707 1110 735 non
1128 695 1169 735 in
1186 707 1269 735 rem
1285 695 1415 736 dicere
1435 701 1598 736 senten·
1672 694 1691 738 ᾗ

171 750 284 798 tiam‚
307 763 450 790 censeo
472 763 522 790 ne
545 750 633 802 quis
655 758 743 802 post
762 752 869 791 hunc
891 752 993 792 diem
1014 751 1110 792 deus
1131 753 1198 792 fiat
1218 764 1264 792 ex
1284 752 1356 801 his,
1378 753 1445 820 qui
1468 746 1600 808 ἆρού-
1630 723 1697 806 Ῑὲῗ
1725 762 1728 768 “

172 821 249 863 ρης
269 804 442 862 καρπὸν
473 804 647 850 ἔδουσιν
675 809 755 859 [aut
783 821 830 848 ex
858 808 938 856 his,
970 821 1069 860 quos
1090 809 1155 848 alit
1177 806 1382 862 ζείδωρος
1404 804 1598 865 αρουρα].
1680 853 1694 867 Ὗ,

172 865 238 916 qui
259 872 397 904 contra
427 865 502 904 hoc
531 871 691 905 senatus
712 865 937 906 consultum
968 867 1064 906 deus
1094 866 1239 914 factus,
1271 867 1397 907 dictus
1426 866 1607 919 pictusve

173 922 267 969 erit,
289 933 379 961 eum
399 921 486 961 dedi
508 921 645 962 Laruis
667 929 705 962 et
724 923 903 975 proximo
924 935 1090 963 munere
1111 923 1214 963 inter
1237 935 1359 964 novos
1379 929 1603 964 auctoratos

172 978 307 1018 ferulis
326 978 510 1030 vapulare
531 978 693 1031 placetss
727 979 930 1043 proximus
950 980 1218 1032 interrogatur
1238 980 1475 1020 sententiam
1491 980 1602 1021 Dies·

171 1035 274 1088 piter
297 1035 409 1076 Vicae
431 1035 550 1075 Potae
571 1035 694 1085 filius,
722 1042 760 1076 et
780 1036 863 1088 ipse
885 1037 1111 1089 designatus
1131 1037 1291 1085 consul,
1318 1037 1602 1077 nummulario·
1634 1013 1705 1090 Ῑᾱξῖῆ

173 1092 252 1132 1ιι5;
290 1093 365 1133 hoc
396 1098 560 1144 quaestu
589 1105 630 1133 se
651 1093 888 1141 sustinebat,
920 1093 1089 1136 vendere
1119 1094 1334 1134 civitatulas
1353 1093 1514 1134 solebat.
1553 1094 1602 1134 ad

173 1150 279 1189 hunc
304 1149 403 1189 belle
425 1150 589 1190 accessit
609 1149 798 1190 Hercules
827 1156 866 1190 et
885 1151 1098 1191 auriculam
1120 1151 1173 1190 illi
1195 1151 1332 1202 tetigit.
1372 1157 1508 1191 censet
1528 1151 1602 1191 ita-

174 1219 250 1258 que
272 1206 311 1246 in
334 1207 431 1246 haec
451 1206 582 1246 verba:
604 1209 706 1247 ‘cum
728 1207 838 1247 divus
860 1207 1041 1248 Claudius
1062 1213 1101 1248 et
1120 1208 1250 1247 divum
1271 1208 1488 1260 Augustum
1511 1220 1602 1248 san-

174 1263 293 1315 guine
314 1263 517 1314 contingat
538 1276 611 1304 nee
641 1264 772 1304 minus
796 1264 920 1304 divam
941 1266 1155 1317 Augustam
1184 1265 1305 1304 aviam
1326 1276 1453 1312 suam,
1484 1276 1603 1316 quam
1683 1289 1708 1310 -ι

175 1320 258 1372 ipse
279 1320 389 1360 deam
419 1332 503 1361 esse
525 1320 655 1369 iussit,
685 1320 883 1373 longeque
916 1334 1053 1362 omnes
1077 1322 1261 1362 mortales
1281 1321 1471 1374 sapientia
1491 1327 1603 1362 ante·
1633 1327 1681 1363 265
1706 1326 1709 1340 ¹

174 1377 309 1425 cenat,
338 1378 466 1429 sitque
495 1389 516 1416 e
546 1389 588 1417 re
608 1376 765 1430 publica
787 1391 872 1418 esse
893 1378 1062 1430 aliquem
1083 1379 1148 1430 qui
1179 1390 1269 1418 cum
1291 1378 1458 1418 Romulo
1479 1378 1606 1430 possit
1671 1378 1682 1418 i

176 1434 393 1474 “ferventia
423 1446 516 1486 rapa
536 1446 674 1474 vorare
687 1434 730 1474 '':
763 1447 906 1475 censeo
935 1435 990 1474 uti
1021 1434 1131 1475 divus
1152 1434 1334 1475 Claudius
1363 1435 1511 1475 ex-hac
1541 1435 1604 1475 die

175 1491 271 1531 deus
292 1491 362 1539 sit
393 1491 445 1531 ita
470 1491 526 1530 uti
558 1497 650 1532 ante
671 1503 760 1531 eum
793 1492 859 1543 qui
892 1492 1040 1544 optimo
1071 1492 1157 1532 iure
1187 1492 1313 1532 factus
1342 1492 1411 1540 sit,
1441 1504 1606 1543 eamque
1690 1515 1700 1542 7:

174 1560 256 1588 rem
278 1548 325 1588 ad
346 1548 675 1601 metamorphosis
697 1548 808 1588 Ovidi
829 1548 1104 1588 adiciendam'.
1165 1548 1290 1588 variae
1311 1553 1425 1588 erant
1443 1555 1605 1589 senten·
1686 1545 1715 1602 355}

174 1605 262 1653 tiae,
291 1611 328 1644 et
348 1604 550 1644 videbatur
573 1604 754 1646 Claudius
776 1602 1043 1669 [sententiam]
1067 1605 1237 1646 vincere
1279 1605 1468 1646 Hercules
1488 1605 1606 1653 enim,
1637 1611 1715 1668 25-ἰζ

175 1662 241 1714 qui
262 1661 410 1702 videret
431 1662 577 1702 fenum
600 1675 713 1703 suum
735 1663 774 1702 in
797 1662 888 1714 igne
910 1675 1009 1711 esse,
1030 1663 1148 1703 modo
1165 1662 1243 1703 huc
1264 1662 1381 1703 modo
1401 1662 1494 1703 illuc
1514 1673 1606 1702 cur·

174 1718 283 1759 sabat
313 1726 351 1758 et
370 1718 517 1759 aiebat:
549 1719 642 1759 ‘noli
673 1719 766 1759 mihi
789 1719 984 1767 invidere,
1016 1731 1100 1759 mea
1130 1731 1193 1759 res
1222 1719 1368 1772 agitur:
1400 1718 1541 1760 deinde
1563 1726 1606 1759 tu
1685 1708 1718 1765 Ξ

175 1776 206 1816 si
228 1775 319 1828 quid
343 1776 555 1824 volueris,
547 1789 586 1816 ιιι
609 1777 731 1816 vicem
754 1776 912 1816 faciam:
936 1789 1077 1817 manus
1097 1788 1256 1817 manum
1276 1776 1393 1816 lavat'
1398 1806 1407 1816 .
1690 1763 1719 1845 ξ

110 1835 161 1875 10
290 1839 385 1873 tunc
416 1833 527 1873 divus
558 1834 758 1885 Augustus
788 1833 957 1874 surrexit
985 1834 1202 1873 sententiae
1231 1846 1323 1874 suae
1353 1833 1440 1874 loco
1470 1833 1605 1874 dicen·

175 1890 245 1929 dae
276 1895 314 1929 et
344 1902 495 1930 summa
524 1890 705 1930 facundia
727 1890 928 1931 disseruit:
952 1890 1059 1942 ‘ego’
1089 1890 1218 1942 inquit
1247 1894 1297 1943 p.
1329 1903 1364 1930 c.
1392 1902 1461 1930 vos
1487 1895 1608 1930 testes

176 1946 314 1994 habeo,
336 1959 382 1986 ex
404 1959 483 1998 quo
505 1947 601 1987 deus
617 1948 742 1987 sactus
763 1959 860 1995 sum
884 1947 1034 1987 nullum
1056 1959 1119 1987 me
1137 1947 1298 1987 verbum
1322 1947 1478 1987 fecisse:
1501 1958 1605 1987 sem—
1667 1959 1676 1968 ³
1687 1947 1718 1989 ἢ

176 2016 247 2056 per
267 2016 399 2043 meum
423 2004 624 2056 negotium
648 2016 733 2057 ago.
774 2005 840 2044 sed
874 2017 953 2044 non
985 2016 1144 2056 possum
1175 2004 1341 2056 amplius
1362 2003 1606 2044 dissimulare
1717 2014 1721 2021 ’

177 2068 213 2100 et
243 2061 442 2108 dolorem,
479 2073 596 2113 quem
631 2061 848 2112 graviorem
879 2062 1010 2113 pudor
1045 2061 1156 2109 facit,
1192 2061 1410 2101 continere.
1460 2061 1500 2100 in
1530 2060 1606 2100 hoc

177 2123 280 2157 terra
302 2118 478 2170 marique
500 2130 637 2170 pacem
658 2116 824 2170 peperi?
854 2118 942 2158 ideo
968 2118 1091 2158 civilia
1113 2117 1212 2158 bella
1234 2116 1488 2170 compescui?
1517 2117 1605 2157 ideo

177 2174 328 2226 legibus
349 2174 488 2214 urbem
510 2175 687 2222 fundavi,
718 2175 903 2228 operibus
925 2175 1080 2222 ornavi,
1110 2181 1154 2214 ut
1174 2197 1228 2203 —-
1250 2175 1343 2226 quid
1365 2174 1489 2215 dicam
1510 2187 1549 2227 p.
1571 2186 1606 2214 c.
1634 2179 1676 2213 35

179 2244 259 2271 ιιοιι
282 2232 461 2271 invenio:
484 2232 613 2272 omnia
635 2232 736 2272 infra
757 2232 1068 2296 indignationem
1090 2231 1204 2271 verba
1228 2237 1332 2272 sunt.
1373 2231 1605 2283 confugien-

1133 2288 1396 2296 ......

1679 1183 1706 1220 {j

177 2345 359 2385 tentiam:
383 2346 561 2409 ‘’‘pudet
552 2345 751 2398 imperii'’.
791 2346 870 2393 hio,
885 2359 922 2398 p.
939 2358 972 2386 c.
995 2346 1062 2397 qui
1083 2345 1194 2385 vobis
1214 2358 1295 2385 non
1317 2357 1434 2397 posse
1453 2344 1607 2385 videtur

178 2413 351 2442 muscam
374 2403 560 2450 excitare
586 2409 664 2443 tam
685 2402 797 2442 facile
819 2402 998 2442 homines
1020 2401 1242 2449 occidebat,
1273 2413 1389 2453 quam
1410 2401 1518 2441 canis
1538 2401 1604 2440 ad·
1697 2427 1712 2454 ,ι

178 2458 278 2498 sidit.
330 2459 395 2498 sed
427 2459 519 2511 quid
551 2472 623 2512 ego
657 2459 704 2499 de
734 2466 792 2499 tot
822 2471 866 2499 ac
894 2459 1035 2499 talibus
1066 2459 1156 2499 viris
1184 2456 1338 2498 dicam?
1388 2471 1465 2498 non
1498 2464 1607 2498 vacat
1638 2462 1701 2500 4⁰2

292 2549 311 2580 5
336 2548 430 2581 vivat
447 2548 459 2591 ΙΙ
478 2549 497 2582 8
528 2548 639 2583 sabam
671 2548 808 2582 mimum
836 2548 955 2582 Cicero
980 2548 1100 2581 eodem
1126 2558 1211 2580 usus
1229 2548 1420 2590 proverbio
1452 2547 1501 2580 ad
1529 2548 1604 2581 Aet.

178 2593 198 2624 I
219 2592 271 2634 16,
299 2592 340 2626 13
356 2592 367 2636 ΙΙ
389 2595 428 2627 12
454 2594 682 2627 interciditne
710 2593 833 2628 fictus?
886 2595 898 2636 l}
920 2596 962 2628 14
985 2593 1043 2627 Dis
1066 2597 1162 2637 pater
1187 2594 1240 2626 vel
1262 2591 1409 2637 Dispiter
1434 2592 1607 2626 Schenke-

178 2639 247 2670 lius
266 2638 277 2681 ΙΙ
295 2639 337 2672 23
363 2639 438 2680 quis
457 2639 468 2682 ΙΙ
488 2640 529 2673 29
554 2649 615 2673 5υο
642 2640 755 2673 codeoe
781 2639 1082 2684 Guelferbytanus
