1728 2886
613 105 1020 142 APOCOLOCYNTosls
1445 103 1497 143 23
1505 105 1525 142 1

313 224 488 275 Ararque
509 223 703 270 dubitans,
725 234 803 275 quo
823 234 916 262 suos
936 234 1073 262 cursus
1094 226 1193 273 agat,

311 280 453 320 tacitus
473 280 614 331 quietis
635 279 754 319 adluit
775 279 880 330 ripas
899 278 1016 318 vadis.

312 344 423 376 estne
445 336 507 376 illa
528 336 641 376 tellus
661 335 822 388 spiritus
842 335 954 374 altrix
977 333 1077 374 tui?’

109 395 203 433 haec
224 393 316 433 satis
338 393 512 433 animose
542 400 579 432 et
601 393 773 439 fortiter,
803 391 924 431 nihilo
944 391 1074 431 minus
1094 390 1236 430 mentis
1257 401 1347 429 suae
1370 401 1448 428 non
1473 394 1532 428 est

56 459 79 491 5
109 458 147 490 et
168 450 277 490 timet
296 450 445 503 μωροῦ
462 447 643 505 πληγήν.
680 448 862 489 Claudius
883 454 926 487 ut
946 447 1038 487 vidit
1058 448 1181 486 virum
1203 446 1409 492 valentem,
1432 444 1528 484 ohli-

109 513 173 546 tus
195 518 388 558 nugarum
409 506 598 545 intellexit
628 506 823 545 neminem
845 504 990 544 Romae
1019 503 1094 544 sibi
1122 515 1256 556 parem
1286 502 1424 549 fuisse,
1454 501 1531 541 illic

111 576 191 603 non
223 562 369 602 habere
399 575 439 602 se
470 562 571 602 idem
599 562 764 613 gratiae:
806 561 949 613 gallum
979 561 1018 600 in
1048 573 1119 600 suo
1150 558 1379 610 sterquilino
1409 558 1531 610 pluri·

66 651 69 656 ,
110 631 217 658 mum
248 632 375 671 posse.
429 619 558 670 itaque
594 625 785 670 quantum
815 617 988 668 intellegi
1019 617 1165 668 potuit,
1205 616 1299 655 haec
1336 614 1440 654 visus
1474 620 1531 654 est

44 707 46 710 ,
110 676 259 715 dicere:
292 680 377 727 ‘ego
399 682 449 723 te,
473 675 682 715 fortissime
703 674 866 714 deorum
888 673 1068 720 Hercule,
1091 672 1240 726 speravi
1261 671 1353 711 mihi
1377 670 1532 710 adfutu—

39 741 79 774 ιο
109 745 196 772 rum
217 731 319 784 apud
341 731 457 778 alios,
479 738 517 771 et
536 732 568 771 si
591 731 657 783 qui
677 743 697 770 a
719 743 781 770 me
803 737 983 770 notorem
1005 730 1185 782 petisset,
1214 735 1252 768 te
1274 728 1328 768 fui
1352 728 1530 767 nomina-

111 796 243 835 turus,
270 788 337 840 qui
361 801 420 828 me
442 789 587 840 optime
609 788 724 827 nosti.
766 798 852 827 nam
874 787 907 826 si
928 786 1115 826 memoria
1136 785 1301 837 repetis,
1333 797 1405 836 ego
1427 795 1532 823 eram

111 846 178 897 qui
198 845 336 885 Tiburi
366 851 455 884 ante
477 844 664 897 templum
696 851 806 884 tuum
834 844 895 883 ius
920 843 1092 882 dicebam
1123 843 1214 882 totis
1241 841 1379 881 diebus
1399 853 1532 880 mense

111 902 208 942 lulio
230 908 269 940 et
290 903 478 953 Augusto.
515 909 556 940 tu
579 901 665 947 scis,
689 907 878 952 quantum
899 899 977 939 illic
992 899 1236 939 miseriarum
1253 898 1421 945 tulerim,
1443 909 1532 937 cum

111 958 327 998 causidicos
349 958 520 997 audirem
542 958 643 997 diem
674 964 712 996 et
733 963 910 1002 noctem,
938 956 978 995 in
1002 968 1100 1007 quos
1120 956 1151 995 si
1174 955 1396 1002 incidisses,
1425 953 1532 993 valde

43 1022 81 1056 15
110 1015 223 1055 sortis
243 1014 333 1054 licet
354 1013 422 1053 tibi
444 1014 620 1060 videaris,
644 1013 846 1053 maluisses
867 1013 1017 1052 cloacas
1038 1013 1192 1063 Augeae
1215 1023 1402 1063 purgare:
1434 1010 1533 1049 mul-

112 1078 151 1111 to
174 1072 262 1123 plus
282 1082 354 1122 ego
376 1070 560 1110 stercoris
581 1070 751 1110 exhausi.
791 1069 858 1109 sed
881 1069 1064 1120 quoniam
1088 1067 1192 1107 volo'

112 1188 207 1223 ‘non
230 1183 369 1222 mirum
387 1183 491 1234 quod
514 1183 553 1222 in
570 1182 718 1221 curiam
741 1182 930 1234 impetum
951 1180 1096 1220 fecisti:
1120 1180 1215 1220 nihil
1236 1180 1305 1219 tibi
1322 1179 1441 1219 clausi
1460 1185 1529 1219 est.
1563 1178 1586 1218 8

112 1241 228 1280 modo
258 1239 320 1279 dic
345 1239 478 1286 nobis,
508 1239 662 1290 qualem
691 1239 808 1278 deum
838 1238 953 1278 istum
983 1237 1068 1276 fieri
1096 1237 1200 1276 velis.
1236 1230 1533 1290 Ἐπικούρειος

112 1293 223 1345 θεὸς
253 1309 333 1336 non
365 1302 494 1348 potest
524 1308 627 1335 esse:
661 1290 760 1337 οὔτε
792 1288 923 1343 αὐτὸς
950 1287 1174 1348 πράγματ’
1211 1291 1297 1346 ἔχει
1328 1287 1427 1334 οὕτε
1458 1287 1533 1334 ἄλ.-

41 1361 82 1394 20
113 1353 207 1402 λοις
227 1354 432 1405 παρέχει,·
453 1350 637 1392 Stoicus?
660 1352 856 1404 quomodo
880 1357 1008 1402 potest
1028 1349 1272 1390 “rotundus”
1296 1362 1398 1397 esse,
1420 1356 1462 1389 ut
1482 1349 1534 1388 ait

116 1410 236 1449 Varro
259 1409 370 1449 “sine
391 1409 529 1461 capite,
550 1409 635 1449 sine
652 1406 911 1461 praeputio’‘?
933 1414 992 1447 est
1011 1407 1155 1458 aliquid
1171 1407 1211 1446 in
1233 1406 1298 1446 illo
1318 1405 1438 1445 Stoici
1458 1406 1533 1453 dei,

114 1467 189 1506 iam
211 1466 341 1505 video:
373 1478 444 1505 nec
474 1478 542 1505 cor
571 1477 645 1505 nec
674 1471 792 1517 caput
821 1464 949 1504 habet.
989 1463 1021 1503 si
1050 1462 1294 1503 mehercules
1322 1475 1342 1502 a
1365 1462 1534 1502 Saturno

115 1523 274 1575 petisset
290 1523 364 1562 hoc
381 1522 628 1576 beneficium,
643 1522 755 1562 cuius
770 1533 946 1561 mensem
960 1526 1042 1560 toto
1059 1532 1165 1559 anno
1182 1519 1390 1560 celebravit
1401 1519 1535 1559 Satur-

117 1579 280 1619 nalicius
297 1580 495 1631 princeps,
518 1591 598 1618 non
615 1578 767 1618 tulisset
787 1577 894 1624 illud,
917 1577 1060 1617 nedum
1082 1575 1130 1616 ab
1147 1576 1248 1623 Iove,
1270 1588 1386 1627 quem
1410 1587 1536 1627 quan·

37 1635 85 1676 '25
114 1643 197 1676 tum
219 1635 377 1687 quidem
398 1636 439 1675 in
464 1635 528 1674 illo
550 1635 643 1682 suit,
675 1634 870 1674 damnavit
895 1633 1046 1673 incesti.
1087 1633 1261 1673 Silanum
1290 1633 1394 1672 enim
1415 1643 1535 1683 gene·

115 1705 203 1732 rum
227 1704 343 1732 suum
366 1691 506 1732 occidit
526 1698 733 1744 propterea
764 1690 867 1743 quod
895 1701 1071 1730 sororem
1092 1701 1222 1737 suam,
1252 1688 1535 1729 festivissimam

117 1749 292 1789 omnium
311 1749 540 1801 puellarum,
562 1760 677 1799 quam
695 1760 832 1787 omnes
849 1747 1039 1786 Venerem
1057 1751 1254 1793 vocarent,
1269 1745 1404 1785 maluit
1417 1745 1535 1785 luno-

118 1818 208 1846 nem
237 1817 387 1845 vocare.
437 1804 608 1856 “quare'’
638 1804 766 1856 inquit
796 1807 970 1855 “quaero
999 1803 1124 1850 enim,
1161 1814 1339 1842 sororem
1366 1799 1535 1842 suam?'’

117 1862 246 1909 stulte,
268 1862 398 1902 stude:
428 1861 591 1900 Athenis
611 1861 812 1900 dimidium
834 1860 942 1907 licet,
965 1859 1220 1899 Alexandriae
1241 1864 1379 1898 totum.
1419 1858 1537 1910 “quia

44 1925 87 1958 30
117 1918 292 1958 Romae”
323 1918 455 1970 inquis
485 1922 645 1957 “mures
665 1917 787 1957 molas
809 1915 1008 1969 lingunt.”
1058 1915 1120 1956 hic
1142 1915 1256 1955 nobis
1277 1927 1393 1955 curva
1414 1915 1537 1954 corri-

119 1973 212 2027 get?
243 1975 335 2026 quid
357 1975 395 2014 in
419 1974 600 2014 cubiculo
621 1987 693 2014 suo
715 1973 850 2021 faciat,
873 1973 1021 2019 nescit,
1043 1978 1082 2012 et
1102 1973 1176 2011 iam
1198 1972 1321 2011 “caeli
1343 1977 1539 2011 scrutatur

119 2030 309 2084 plagas''?
344 2032 439 2071 deus
461 2031 545 2070 fleri
566 2031 666 2070 vult:
705 2042 840 2082 parum
862 2036 921 2069 est
941 2029 1046 2081 quod
1067 2028 1254 2081 templum
1276 2028 1316 2067 in
1338 2027 1539 2067 Britannia

119 2089 255 2134 habet,
287 2087 392 2140 quod
412 2088 517 2127 hunc
540 2087 695 2127 barbari
716 2086 851 2127 colunt
872 2092 911 2126 et
939 2092 981 2126 ut
1001 2086 1116 2125 deum
1145 2092 1259 2124 orant
1278 2084 1428 2139 μωροῦ
1451 2078 1539 2126 εὐι-

120 2142 252 2187 λάτου
273 2143 461 2196 τυχε·ῖν”ἲ’

47 2208 88 2240 35
231 2201 387 2241 tandem
408 2201 486 2240 lovi
508 2200 612 2239 venit
633 2200 672 2239 in
695 2205 879 2246 mentem,
907 2198 1065 2250 privatis
1086 2198 1188 2237 intra
1208 2197 1355 2237 curiam
1379 2208 1535 2236 moran·
1567 2196 1591 2236 9

121 2258 226 2298 tibus
255 2258 492 2298 senatoribus
525 2269 604 2297 non
638 2255 747 2296 licere
782 2256 1016 2295 sententiam
1052 2255 1180 2294 dicere
1219 2266 1291 2294 nec
1327 2254 1538 2306 disputare.

121 2314 225 2366 ‘ego’
256 2315 385 2366 inquit
405 2319 456 2366 ‘p.
481 2326 514 2353 c.
537 2314 780 2363 interrogare
806 2311 914 2352 vobis
934 2311 1210 2364 permiseram,
1241 2323 1309 2350 vos
1332 2322 1438 2350 mera
1457 2322 1541 2350 ma·

121 2371 220 2423 palia
241 2371 398 2411 fecistis.
439 2370 526 2410 volo
548 2376 590 2410 ut
609 2369 769 2409 servetis
789 2368 1032 2421 disciplinam
1055 2367 1198 2408 curiae.
1234 2367 1297 2407 hic
1318 2366 1540 2419 qualiscun-

238 2472 277 2506 12
301 2472 358 2515 qui
384 2470 475 2514 tibin
495 2471 534 2505 13
560 2467 787 2512 contulerimss
809 2469 849 2503 19
874 2461 910 2501 ὃς
933 2466 1016 2501 οὔτε
1032 2467 1257 2500 Fromondus
1278 2465 1283 2508 Ι
1303 2478 1377 2511 πρα
1400 2478 1451 2509 μα
1469 2466 1481 2510 ΙΙ
1500 2467 1541 2500 20

121 2518 222 2550 esse?
257 2516 420 2551 rotundus
450 2524 704 2559 proposueram
721 2513 734 2558 ΙΙ
751 2515 793 2548 23
827 2512 1009 2547 saturnalia
1043 2512 1116 2546 eius
1133 2512 1145 2556 ΙΙ
1165 2514 1207 2546 24
1239 2511 1334 2546 illum
1393 2521 1468 2546 eum
1499 2510 1542 2544 ab

121 2562 235 2596 iovem
258 2562 315 2605 qui
332 2561 344 2606 ΙΙ
364 2563 406 2596 26
438 2560 562 2595 occidit
587 2570 645 2594 oro
671 2569 730 2603 per
755 2557 862 2603 quod:
903 2562 1040 2602 propter
1064 2558 1167 2601 quid?
1208 2557 1376 2602 Lipsimfl
1396 2559 1438 2592 30
1471 2566 1544 2591 cor-

122 2606 228 2651 rigitu
249 2608 286 2641 31
316 2607 430 2641 nescio
446 2606 458 2650 ΙΙ
478 2607 521 2640 36
545 2605 657 2639 dicere
682 2603 776 2638 nefas
801 2604 910 2648 putari
936 2604 1110 2647 Hauptius
