<?xml version="1.0" encoding="UTF-8"?>
<!DOCTYPE html PUBLIC "-//W3C//DTD XHTML 1.0 Transitional//EN"
    "http://www.w3.org/TR/xhtml1/DTD/xhtml1-transitional.dtd">
<html xmlns="http://www.w3.org/1999/xhtml" xml:lang="en" lang="en">
 <head>
  <title>
</title>
<meta http-equiv="Content-Type" content="text/html;charset=utf-8" />
  <meta name='ocr-system' content='tesseract 3.04.00' />
  <meta name='ocr-capabilities' content='ocr_page ocr_carea ocr_par ocr_line ocrx_word'/>
</head>
<body>
  <div class='ocr_page' id='page_1' title='image "./satiraeetliberpr00petruoft_0081.png"; bbox 0 0 1728 2886; ppageno 0'>
   <div class='ocr_carea' id='block_1_1' title="bbox 655 119 1450 158">
    <p class='ocr_par' dir='ltr' id='par_1_1' title="bbox 655 119 1450 158">
     <span class='ocr_line' id='line_1_1' title="bbox 655 119 1450 158; baseline 0 0"><span class='ocrx_word' id='word_1_1' title='bbox 655 122 841 158; x_wconf 78' lang='lat' dir='ltr'><strong>SATIRAE</strong></span> <span class='ocrx_word' id='word_1_2' title='bbox 1020 120 1023 122; x_wconf 79' lang='grc'><strong>’</strong></span> <span class='ocrx_word' id='word_1_3' title='bbox 1400 119 1420 157; x_wconf 86' lang='grc'><strong>7</strong></span> <span class='ocrx_word' id='word_1_4' title='bbox 1429 119 1450 158; x_wconf 88' lang='lat'>&#39;7</span> 
     </span>
    </p>
   </div>
   <div class='ocr_carea' id='block_1_2' title="bbox 5 251 1573 2097">
    <p class='ocr_par' dir='ltr' id='par_1_2' title="bbox 5 251 1573 2097">
     <span class='ocr_line' id='line_1_2' title="bbox 728 251 750 276; baseline 0 0"><span class='ocrx_word' id='word_1_5' title='bbox 728 251 750 276; x_wconf 76' lang='lat'><strong>*</strong></span> 
     </span>
     <span class='ocr_line' id='line_1_3' title="bbox 5 293 1455 348; baseline -0.003 -12"><span class='ocrx_word' id='word_1_6' title='bbox 5 333 12 347; x_wconf 55' lang='lat'>,</span> <span class='ocrx_word' id='word_1_7' title='bbox 136 294 143 348; x_wconf 86' lang='grc' dir='ltr'>Ι</span> <span class='ocrx_word' id='word_1_8' title='bbox 169 302 343 335; x_wconf 85' lang='lat' dir='ltr'>ceterum</span> <span class='ocrx_word' id='word_1_9' title='bbox 366 294 601 346; x_wconf 85' lang='lat' dir='ltr'>Eumolpos,</span> <span class='ocrx_word' id='word_1_10' title='bbox 632 300 672 334; x_wconf 84' lang='lat' dir='ltr'>et</span> <span class='ocrx_word' id='word_1_11' title='bbox 701 293 1003 345; x_wconf 82' lang='lat' dir='ltr'>periclitantium</span> <span class='ocrx_word' id='word_1_12' title='bbox 1035 293 1244 333; x_wconf 86' lang='lat' dir='ltr'>advocatus</span> <span class='ocrx_word' id='word_1_13' title='bbox 1273 299 1311 333; x_wconf 89' lang='lat' dir='ltr'>et</span> <span class='ocrx_word' id='word_1_14' title='bbox 1341 305 1455 345; x_wconf 91' lang='lat' dir='ltr'>prae-</span> 
     </span>
     <span class='ocr_line' id='line_1_4' title="bbox 170 350 1456 398; baseline -0.003 -4.435"><span class='ocrx_word' id='word_1_15' title='bbox 170 352 406 392; x_wconf 88' lang='lat' dir='ltr'>concordiae</span> <span class='ocrx_word' id='word_1_16' title='bbox 428 356 584 398; x_wconf 84' lang='lat' dir='ltr'>auctor,</span> <span class='ocrx_word' id='word_1_17' title='bbox 615 362 666 389; x_wconf 89' lang='lat' dir='ltr'>ne</span> <span class='ocrx_word' id='word_1_18' title='bbox 687 350 821 390; x_wconf 88' lang='lat' dir='ltr'>sileret</span> <span class='ocrx_word' id='word_1_19' title='bbox 841 350 927 390; x_wconf 91' lang='lat' dir='ltr'>sine</span> <span class='ocrx_word' id='word_1_20' title='bbox 948 350 1090 390; x_wconf 85' lang='lat' dir='ltr'>sabulis</span> <span class='ocrx_word' id='word_1_21' title='bbox 1110 350 1302 397; x_wconf 83' lang='lat' dir='ltr'>hilaritas,</span> <span class='ocrx_word' id='word_1_22' title='bbox 1334 350 1456 390; x_wconf 86' lang='lat' dir='ltr'>multa</span> 
     </span>
     <span class='ocr_line' id='line_1_5' title="bbox 99 406 1455 458; baseline -0.001 -10.062"><span class='ocrx_word' id='word_1_23' title='bbox 99 407 331 448; x_wconf 75' lang='lat' dir='ltr'>muliebrem</span> <span class='ocrx_word' id='word_1_24' title='bbox 361 407 555 447; x_wconf 84' lang='lat' dir='ltr'>levitatem</span> <span class='ocrx_word' id='word_1_25' title='bbox 586 406 717 458; x_wconf 83' lang='lat' dir='ltr'>coepit</span> <span class='ocrx_word' id='word_1_26' title='bbox 746 406 909 446; x_wconf 88' lang='lat' dir='ltr'>iactare:</span> <span class='ocrx_word' id='word_1_27' title='bbox 941 418 1056 457; x_wconf 89' lang='lat' dir='ltr'>quam</span> <span class='ocrx_word' id='word_1_28' title='bbox 1087 407 1198 446; x_wconf 88' lang='lat' dir='ltr'>facile</span> <span class='ocrx_word' id='word_1_29' title='bbox 1219 407 1455 454; x_wconf 89' lang='lat' dir='ltr'>adamarent,</span> 
     </span>
     <span class='ocr_line' id='line_1_6' title="bbox 18 462 1456 514; baseline -0.002 -9"><span class='ocrx_word' id='word_1_30' title='bbox 18 467 25 469; x_wconf 55' lang='lat'><em>⁴</em></span> <span class='ocrx_word' id='word_1_31' title='bbox 55 482 73 506; x_wconf 58' lang='lat' dir='ltr'>z·</span> <span class='ocrx_word' id='word_1_32' title='bbox 84 476 144 505; x_wconf 85' lang='lat' dir='ltr'>am</span> <span class='ocrx_word' id='word_1_33' title='bbox 162 465 240 504; x_wconf 91' lang='lat' dir='ltr'>cito</span> <span class='ocrx_word' id='word_1_34' title='bbox 256 465 371 504; x_wconf 89' lang='lat' dir='ltr'>etiam</span> <span class='ocrx_word' id='word_1_35' title='bbox 387 463 558 503; x_wconf 89' lang='lat' dir='ltr'>filiorum</span> <span class='ocrx_word' id='word_1_36' title='bbox 574 462 912 509; x_wconf 82' lang='lat' dir='ltr'>obliviscerentur,</span> <span class='ocrx_word' id='word_1_37' title='bbox 930 462 1155 514; x_wconf 86' lang='lat' dir='ltr'>nullamque</span> <span class='ocrx_word' id='word_1_38' title='bbox 1172 475 1257 503; x_wconf 90' lang='lat' dir='ltr'>esse</span> <span class='ocrx_word' id='word_1_39' title='bbox 1272 463 1456 503; x_wconf 85' lang='lat' dir='ltr'>feminam</span> 
     </span>
     <span class='ocr_line' id='line_1_7' title="bbox 13 514 1456 573; baseline 0.002 -17"><span class='ocrx_word' id='word_1_40' title='bbox 13 514 95 566; x_wconf 51' lang='grc' dir='ltr'>ᾛ..</span> <span class='ocrx_word' id='word_1_41' title='bbox 133 521 338 573; x_wconf 87' lang='lat' dir='ltr'>pudicam,</span> <span class='ocrx_word' id='word_1_42' title='bbox 368 532 468 572; x_wconf 90' lang='lat' dir='ltr'>quae</span> <span class='ocrx_word' id='word_1_43' title='bbox 501 532 580 559; x_wconf 94' lang='lat' dir='ltr'>non</span> <span class='ocrx_word' id='word_1_44' title='bbox 613 519 823 571; x_wconf 88' lang='lat' dir='ltr'>peregrina</span> <span class='ocrx_word' id='word_1_45' title='bbox 854 517 1015 558; x_wconf 85' lang='lat' dir='ltr'>libidine</span> <span class='ocrx_word' id='word_1_46' title='bbox 1047 531 1173 570; x_wconf 91' lang='lat' dir='ltr'>usque</span> <span class='ocrx_word' id='word_1_47' title='bbox 1204 520 1249 558; x_wconf 92' lang='lat' dir='ltr'>ad</span> <span class='ocrx_word' id='word_1_48' title='bbox 1281 521 1456 559; x_wconf 88' lang='lat' dir='ltr'>furorem</span> 
     </span>
     <span class='ocr_line' id='line_1_8' title="bbox 15 575 1458 631; baseline -0.001 -14"><span class='ocrx_word' id='word_1_49' title='bbox 15 578 281 631; x_wconf 36' lang='lat' dir='ltr'>(feneretur.</span> <span class='ocrx_word' id='word_1_50' title='bbox 323 589 398 616; x_wconf 89' lang='lat' dir='ltr'>nec</span> <span class='ocrx_word' id='word_1_51' title='bbox 427 589 468 616; x_wconf 93' lang='lat' dir='ltr'>se</span> <span class='ocrx_word' id='word_1_52' title='bbox 498 575 716 627; x_wconf 80' lang='lat' dir='ltr'>tragoedias</span> <span class='ocrx_word' id='word_1_53' title='bbox 746 581 897 615; x_wconf 85' lang='lat' dir='ltr'>veteres</span> <span class='ocrx_word' id='word_1_54' title='bbox 927 587 1064 614; x_wconf 90' lang='lat' dir='ltr'>curare</span> <span class='ocrx_word' id='word_1_55' title='bbox 1096 581 1163 614; x_wconf 89' lang='lat' dir='ltr'>aut</span> <span class='ocrx_word' id='word_1_56' title='bbox 1192 577 1352 615; x_wconf 90' lang='lat' dir='ltr'>nomina</span> <span class='ocrx_word' id='word_1_57' title='bbox 1373 588 1458 616; x_wconf 87' lang='lat' dir='ltr'>sae·</span> 
     </span>
     <span class='ocr_line' id='line_1_9' title="bbox 13 631 1459 688; baseline 0.001 -17"><span class='ocrx_word' id='word_1_58' title='bbox 13 633 128 688; x_wconf 43' lang='lat' dir='ltr'>{fiilis</span> <span class='ocrx_word' id='word_1_59' title='bbox 157 639 267 680; x_wconf 88' lang='lat' dir='ltr'>nota,</span> <span class='ocrx_word' id='word_1_60' title='bbox 298 633 364 673; x_wconf 90' lang='lat' dir='ltr'>sed</span> <span class='ocrx_word' id='word_1_61' title='bbox 396 644 479 672; x_wconf 91' lang='lat' dir='ltr'>rem</span> <span class='ocrx_word' id='word_1_62' title='bbox 508 644 576 672; x_wconf 90' lang='lat' dir='ltr'>sua</span> <span class='ocrx_word' id='word_1_63' title='bbox 597 631 783 671; x_wconf 89' lang='lat' dir='ltr'>memoria</span> <span class='ocrx_word' id='word_1_64' title='bbox 805 632 965 679; x_wconf 87' lang='lat' dir='ltr'>factam,</span> <span class='ocrx_word' id='word_1_65' title='bbox 988 636 1103 683; x_wconf 83' lang='lat' dir='ltr'>quam</span> <span class='ocrx_word' id='word_1_66' title='bbox 1127 633 1396 683; x_wconf 87' lang='lat' dir='ltr'>expositurum</span> <span class='ocrx_word' id='word_1_67' title='bbox 1419 645 1459 672; x_wconf 89' lang='lat' dir='ltr'>se</span> 
     </span>
     <span class='ocr_line' id='line_1_10' title="bbox 12 664 1461 745; baseline -0.002 -13.977"><span class='ocrx_word' id='word_1_68' title='bbox 12 694 138 745; x_wconf 83' lang='grc' dir='ltr'>μεθ,</span> <span class='ocrx_word' id='word_1_69' title='bbox 158 690 190 730; x_wconf 89' lang='lat' dir='ltr'>si</span> <span class='ocrx_word' id='word_1_70' title='bbox 210 664 398 730; x_wconf 85' lang='lat' dir='ltr'>vellemus</span> <span class='ocrx_word' id='word_1_71' title='bbox 418 689 565 728; x_wconf 90' lang='lat' dir='ltr'>audire.</span> <span class='ocrx_word' id='word_1_72' title='bbox 605 688 805 728; x_wconf 89' lang='lat' dir='ltr'>conversis</span> <span class='ocrx_word' id='word_1_73' title='bbox 825 688 946 740; x_wconf 87' lang='lat' dir='ltr'>igitur</span> <span class='ocrx_word' id='word_1_74' title='bbox 966 689 1144 728; x_wconf 90' lang='lat' dir='ltr'>omnium</span> <span class='ocrx_word' id='word_1_75' title='bbox 1165 688 1204 728; x_wconf 90' lang='lat' dir='ltr'>in</span> <span class='ocrx_word' id='word_1_76' title='bbox 1228 701 1271 729; x_wconf 90' lang='lat' dir='ltr'>se</span> <span class='ocrx_word' id='word_1_77' title='bbox 1290 688 1461 728; x_wconf 91' lang='lat' dir='ltr'>vultibus</span> 
     </span>
     <span class='ocr_line' id='line_1_11' title="bbox 14 746 574 800; baseline -0.006 -12.966"><span class='ocrx_word' id='word_1_78' title='bbox 14 747 267 800; x_wconf 76' lang='grc' dir='ltr'><strong>;ῥιπὶὶὶιιε(]ιὶθ</strong></span> <span class='ocrx_word' id='word_1_79' title='bbox 287 746 344 786; x_wconf 92' lang='lat' dir='ltr'>sic</span> <span class='ocrx_word' id='word_1_80' title='bbox 363 758 477 786; x_wconf 91' lang='lat' dir='ltr'>orsus</span> <span class='ocrx_word' id='word_1_81' title='bbox 497 751 574 785; x_wconf 89' lang='lat' dir='ltr'>est·</span> 
     </span>
     <span class='ocr_line' id='line_1_12' title="bbox 17 801 1573 865; baseline -0.001 -23"><span class='ocrx_word' id='word_1_82' title='bbox 17 812 35 838; x_wconf 57' lang='lat' dir='ltr'>s&gt;</span> <span class='ocrx_word' id='word_1_83' title='bbox 146 806 335 842; x_wconf 86' lang='lat' dir='ltr'>‘matrona</span> <span class='ocrx_word' id='word_1_84' title='bbox 357 802 544 865; x_wconf 80' lang='lat' dir='ltr'>quaedam</span> <span class='ocrx_word' id='word_1_85' title='bbox 568 801 713 854; x_wconf 86' lang='lat' dir='ltr'>Ephesi</span> <span class='ocrx_word' id='word_1_86' title='bbox 735 807 813 840; x_wconf 90' lang='lat' dir='ltr'>tam</span> <span class='ocrx_word' id='word_1_87' title='bbox 835 807 951 840; x_wconf 89' lang='lat' dir='ltr'>notae</span> <span class='ocrx_word' id='word_1_88' title='bbox 973 807 1057 840; x_wconf 88' lang='lat' dir='ltr'>erat</span> <span class='ocrx_word' id='word_1_89' title='bbox 1076 801 1312 853; x_wconf 88' lang='lat' dir='ltr'>pudicitiae,</span> <span class='ocrx_word' id='word_1_90' title='bbox 1345 807 1387 841; x_wconf 90' lang='lat' dir='ltr'>ut</span> <span class='ocrx_word' id='word_1_91' title='bbox 1406 803 1461 841; x_wconf 94' lang='lat' dir='ltr'>vi-</span> <span class='ocrx_word' id='word_1_92' title='bbox 1499 802 1573 842; x_wconf 88' lang='lat'>111</span> 
     </span>
     <span class='ocr_line' id='line_1_13' title="bbox 95 857 1460 922; baseline 0 -24"><span class='ocrx_word' id='word_1_93' title='bbox 95 871 206 898; x_wconf 91' lang='lat' dir='ltr'>arum</span> <span class='ocrx_word' id='word_1_94' title='bbox 237 871 395 910; x_wconf 91' lang='lat' dir='ltr'>quoque</span> <span class='ocrx_word' id='word_1_95' title='bbox 417 859 601 922; x_wconf 33' lang='lat' dir='ltr'>&#39;gentium</span> <span class='ocrx_word' id='word_1_96' title='bbox 631 859 796 897; x_wconf 89' lang='lat' dir='ltr'>feminas</span> <span class='ocrx_word' id='word_1_97' title='bbox 826 857 873 896; x_wconf 91' lang='lat' dir='ltr'>ad</span> <span class='ocrx_word' id='word_1_98' title='bbox 901 858 1166 909; x_wconf 90' lang='lat' dir='ltr'>spectaculum</span> <span class='ocrx_word' id='word_1_99' title='bbox 1188 859 1248 898; x_wconf 91' lang='lat' dir='ltr'>sui</span> <span class='ocrx_word' id='word_1_100' title='bbox 1269 866 1460 898; x_wconf 89' lang='lat' dir='ltr'>evocaret</span> 
     </span>
     <span class='ocr_line' id='line_1_14' title="bbox 23 871 1460 974; baseline -0.001 -18.998"><span class='ocrx_word' id='word_1_101' title='bbox 23 871 127 974; x_wconf 48' lang='lat' dir='ltr'>fibo</span> <span class='ocrx_word' id='word_1_102' title='bbox 156 928 250 967; x_wconf 90' lang='lat' dir='ltr'>ergo</span> <span class='ocrx_word' id='word_1_103' title='bbox 281 927 370 955; x_wconf 91' lang='lat' dir='ltr'>cum</span> <span class='ocrx_word' id='word_1_104' title='bbox 391 916 514 954; x_wconf 90' lang='lat' dir='ltr'>virum</span> <span class='ocrx_word' id='word_1_105' title='bbox 537 914 756 961; x_wconf 83' lang='lat' dir='ltr'>extulisset</span> <span class='ocrx_word' id='word_1_106' title='bbox 788 927 868 953; x_wconf 90' lang='lat' dir='ltr'>non</span> <span class='ocrx_word' id='word_1_107' title='bbox 893 920 1079 953; x_wconf 87' lang='lat' dir='ltr'>contenta</span> <span class='ocrx_word' id='word_1_108' title='bbox 1100 914 1247 965; x_wconf 89' lang='lat' dir='ltr'>vulgari</span> <span class='ocrx_word' id='word_1_109' title='bbox 1268 927 1378 955; x_wconf 88' lang='lat' dir='ltr'>more</span> <span class='ocrx_word' id='word_1_110' title='bbox 1400 916 1460 954; x_wconf 84' lang='lat' dir='ltr'>fu—</span> 
     </span>
     <span class='ocr_line' id='line_1_15' title="bbox 28 970 1459 1024; baseline -0.001 -12"><span class='ocrx_word' id='word_1_111' title='bbox 28 984 108 1015; x_wconf 72' lang='lat' dir='ltr'>nus</span> <span class='ocrx_word' id='word_1_112' title='bbox 136 972 260 1023; x_wconf 87' lang='lat' dir='ltr'>passis</span> <span class='ocrx_word' id='word_1_113' title='bbox 288 971 475 1024; x_wconf 81' lang='lat' dir='ltr'>prosequi</span> <span class='ocrx_word' id='word_1_114' title='bbox 506 970 685 1011; x_wconf 85' lang='lat' dir='ltr'>crinibus</span> <span class='ocrx_word' id='word_1_115' title='bbox 715 977 782 1009; x_wconf 87' lang='lat' dir='ltr'>aut</span> <span class='ocrx_word' id='word_1_116' title='bbox 813 970 1001 1010; x_wconf 88' lang='lat' dir='ltr'>nudatum</span> <span class='ocrx_word' id='word_1_117' title='bbox 1024 977 1161 1022; x_wconf 89' lang='lat' dir='ltr'>pectus</span> <span class='ocrx_word' id='word_1_118' title='bbox 1181 972 1221 1010; x_wconf 92' lang='lat' dir='ltr'>in</span> <span class='ocrx_word' id='word_1_119' title='bbox 1244 978 1459 1023; x_wconf 86' lang='lat' dir='ltr'>conspectu</span> 
     </span>
     <span class='ocr_line' id='line_1_16' title="bbox 29 1027 1461 1092; baseline 0.001 -25"><span class='ocrx_word' id='word_1_120' title='bbox 29 1028 277 1080; x_wconf 57' lang='lat' dir='ltr'>&amp;equentiae</span> <span class='ocrx_word' id='word_1_121' title='bbox 307 1028 516 1092; x_wconf 85' lang='lat' dir='ltr'>plangere,</span> <span class='ocrx_word' id='word_1_122' title='bbox 554 1027 594 1066; x_wconf 89' lang='lat' dir='ltr'>in</span> <span class='ocrx_word' id='word_1_123' title='bbox 626 1027 889 1066; x_wconf 87' lang='lat' dir='ltr'>conditorium</span> <span class='ocrx_word' id='word_1_124' title='bbox 921 1027 1036 1066; x_wconf 88' lang='lat' dir='ltr'>etiam</span> <span class='ocrx_word' id='word_1_125' title='bbox 1068 1034 1273 1079; x_wconf 88' lang='lat' dir='ltr'>prosecuta</span> <span class='ocrx_word' id='word_1_126' title='bbox 1306 1034 1365 1068; x_wconf 88' lang='lat' dir='ltr'>est</span> <span class='ocrx_word' id='word_1_127' title='bbox 1394 1029 1461 1068; x_wconf 85' lang='lat' dir='ltr'>dc-</span> 
     </span>
     <span class='ocr_line' id='line_1_17' title="bbox 31 1083 1462 1137; baseline -0.001 -12"><span class='ocrx_word' id='word_1_128' title='bbox 31 1084 223 1132; x_wconf 71' lang='lat' dir='ltr'>functum‚</span> <span class='ocrx_word' id='word_1_129' title='bbox 243 1085 495 1137; x_wconf 86' lang='lat' dir='ltr'>positumque</span> <span class='ocrx_word' id='word_1_130' title='bbox 516 1084 555 1123; x_wconf 93' lang='lat' dir='ltr'>in</span> <span class='ocrx_word' id='word_1_131' title='bbox 578 1084 780 1136; x_wconf 81' lang='lat' dir='ltr'>hypogaeo</span> <span class='ocrx_word' id='word_1_132' title='bbox 799 1083 948 1123; x_wconf 89' lang='lat' dir='ltr'>Graeco</span> <span class='ocrx_word' id='word_1_133' title='bbox 969 1095 1079 1122; x_wconf 87' lang='lat' dir='ltr'>more</span> <span class='ocrx_word' id='word_1_134' title='bbox 1101 1096 1246 1135; x_wconf 90' lang='lat' dir='ltr'>corpus</span> <span class='ocrx_word' id='word_1_135' title='bbox 1266 1085 1462 1124; x_wconf 86' lang='lat' dir='ltr'>custodire</span> 
     </span>
     <span class='ocr_line' id='line_1_18' title="bbox 32 1139 1462 1192; baseline -0.002 -8"><span class='ocrx_word' id='word_1_136' title='bbox 32 1152 82 1185; x_wconf 63' lang='lat' dir='ltr'>ac</span> <span class='ocrx_word' id='word_1_137' title='bbox 109 1142 202 1181; x_wconf 86' lang='lat' dir='ltr'>flere</span> <span class='ocrx_word' id='word_1_138' title='bbox 232 1141 323 1181; x_wconf 88' lang='lat' dir='ltr'>totis</span> <span class='ocrx_word' id='word_1_139' title='bbox 353 1139 538 1180; x_wconf 89' lang='lat' dir='ltr'>noctibus</span> <span class='ocrx_word' id='word_1_140' title='bbox 568 1139 785 1191; x_wconf 88' lang='lat' dir='ltr'>diebusque</span> <span class='ocrx_word' id='word_1_141' title='bbox 815 1140 956 1192; x_wconf 87' lang='lat' dir='ltr'>coepit.</span> <span class='ocrx_word' id='word_1_142' title='bbox 998 1140 1054 1180; x_wconf 92' lang='lat' dir='ltr'>sic</span> <span class='ocrx_word' id='word_1_143' title='bbox 1083 1140 1335 1180; x_wconf 88' lang='lat' dir='ltr'>afflictantem</span> <span class='ocrx_word' id='word_1_144' title='bbox 1356 1154 1398 1181; x_wconf 91' lang='lat' dir='ltr'>se</span> <span class='ocrx_word' id='word_1_145' title='bbox 1419 1154 1462 1181; x_wconf 91' lang='lat' dir='ltr'>ac</span> 
     </span>
     <span class='ocr_line' id='line_1_19' title="bbox 34 1197 1463 1249; baseline -0.001 -10"><span class='ocrx_word' id='word_1_146' title='bbox 34 1203 200 1240; x_wconf 81' lang='lat' dir='ltr'>mortem</span> <span class='ocrx_word' id='word_1_147' title='bbox 229 1197 357 1237; x_wconf 90' lang='lat' dir='ltr'>inedia</span> <span class='ocrx_word' id='word_1_148' title='bbox 387 1202 690 1249; x_wconf 85' lang='lat' dir='ltr'>persequentem</span> <span class='ocrx_word' id='word_1_149' title='bbox 715 1208 796 1235; x_wconf 91' lang='lat' dir='ltr'>non</span> <span class='ocrx_word' id='word_1_150' title='bbox 818 1202 1002 1248; x_wconf 83' lang='lat' dir='ltr'>parentes</span> <span class='ocrx_word' id='word_1_151' title='bbox 1022 1202 1242 1248; x_wconf 87' lang='lat' dir='ltr'>potuerunt</span> <span class='ocrx_word' id='word_1_152' title='bbox 1256 1197 1463 1245; x_wconf 85' lang='lat' dir='ltr'>abducere,</span> 
     </span>
     <span class='ocr_line' id='line_1_20' title="bbox 35 1253 1465 1307; baseline 0 -13"><span class='ocrx_word' id='word_1_153' title='bbox 35 1265 117 1302; x_wconf 61' lang='lat' dir='ltr'>non</span> <span class='ocrx_word' id='word_1_154' title='bbox 139 1254 374 1307; x_wconf 87' lang='lat' dir='ltr'>propinqui3</span> <span class='ocrx_word' id='word_1_155' title='bbox 406 1253 655 1305; x_wconf 87' lang='lat' dir='ltr'>magistratus</span> <span class='ocrx_word' id='word_1_156' title='bbox 680 1253 817 1292; x_wconf 91' lang='lat' dir='ltr'>ultimo</span> <span class='ocrx_word' id='word_1_157' title='bbox 839 1253 986 1305; x_wconf 88' lang='lat' dir='ltr'>repulsi</span> <span class='ocrx_word' id='word_1_158' title='bbox 1006 1253 1211 1302; x_wconf 89' lang='lat' dir='ltr'>abierunt,</span> <span class='ocrx_word' id='word_1_159' title='bbox 1243 1254 1465 1306; x_wconf 87' lang='lat' dir='ltr'>complora-</span> 
     </span>
     <span class='ocr_line' id='line_1_21' title="bbox 34 1309 1464 1362; baseline 0.001 -12"><span class='ocrx_word' id='word_1_160' title='bbox 34 1313 152 1362; x_wconf 54' lang='lat' dir='ltr'>taque</span> <span class='ocrx_word' id='word_1_161' title='bbox 181 1310 390 1362; x_wconf 86' lang='lat' dir='ltr'>singularis</span> <span class='ocrx_word' id='word_1_162' title='bbox 421 1310 585 1361; x_wconf 86' lang='lat' dir='ltr'>exempli</span> <span class='ocrx_word' id='word_1_163' title='bbox 618 1310 761 1348; x_wconf 82' lang='lat' dir='ltr'>femina</span> <span class='ocrx_word' id='word_1_164' title='bbox 786 1309 833 1348; x_wconf 90' lang='lat' dir='ltr'>ab</span> <span class='ocrx_word' id='word_1_165' title='bbox 856 1310 1040 1350; x_wconf 89' lang='lat' dir='ltr'>omnibus</span> <span class='ocrx_word' id='word_1_166' title='bbox 1062 1311 1245 1361; x_wconf 89' lang='lat' dir='ltr'>quintum</span> <span class='ocrx_word' id='word_1_167' title='bbox 1266 1310 1340 1350; x_wconf 92' lang='lat' dir='ltr'>iam</span> <span class='ocrx_word' id='word_1_168' title='bbox 1362 1311 1464 1351; x_wconf 91' lang='lat' dir='ltr'>diem</span> 
     </span>
     <span class='ocr_line' id='line_1_22' title="bbox 36 1366 1466 1418; baseline 0 -11"><span class='ocrx_word' id='word_1_169' title='bbox 36 1367 122 1408; x_wconf 70' lang='lat' dir='ltr'>sine</span> <span class='ocrx_word' id='word_1_170' title='bbox 141 1367 327 1407; x_wconf 87' lang='lat' dir='ltr'>alimento</span> <span class='ocrx_word' id='word_1_171' title='bbox 348 1366 537 1406; x_wconf 90' lang='lat' dir='ltr'>trahebat.</span> <span class='ocrx_word' id='word_1_172' title='bbox 579 1366 770 1406; x_wconf 83' lang='lat' dir='ltr'>assidebat</span> <span class='ocrx_word' id='word_1_173' title='bbox 790 1378 930 1418; x_wconf 87' lang='lat' dir='ltr'>aegrae</span> <span class='ocrx_word' id='word_1_174' title='bbox 951 1366 1135 1406; x_wconf 86' lang='lat' dir='ltr'>fidissima</span> <span class='ocrx_word' id='word_1_175' title='bbox 1156 1367 1308 1416; x_wconf 89' lang='lat' dir='ltr'>ancilla,</span> <span class='ocrx_word' id='word_1_176' title='bbox 1329 1368 1466 1407; x_wconf 88' lang='lat' dir='ltr'>simul-</span> 
     </span>
     <span class='ocr_line' id='line_1_23' title="bbox 37 1423 1466 1476; baseline 0 -12"><span class='ocrx_word' id='word_1_177' title='bbox 37 1435 114 1476; x_wconf 84' lang='lat' dir='ltr'>que</span> <span class='ocrx_word' id='word_1_178' title='bbox 144 1429 183 1463; x_wconf 89' lang='lat' dir='ltr'>et</span> <span class='ocrx_word' id='word_1_179' title='bbox 211 1424 389 1463; x_wconf 87' lang='lat' dir='ltr'>lacrimas</span> <span class='ocrx_word' id='word_1_180' title='bbox 417 1423 690 1463; x_wconf 88' lang='lat' dir='ltr'>commodabat</span> <span class='ocrx_word' id='word_1_181' title='bbox 719 1423 893 1473; x_wconf 84' lang='lat' dir='ltr'>lugenti,</span> <span class='ocrx_word' id='word_1_182' title='bbox 925 1428 963 1462; x_wconf 86' lang='lat' dir='ltr'>et</span> <span class='ocrx_word' id='word_1_183' title='bbox 993 1423 1338 1475; x_wconf 81' lang='lat' dir='ltr'>quotienscunque</span> <span class='ocrx_word' id='word_1_184' title='bbox 1359 1425 1466 1464; x_wconf 88' lang='lat' dir='ltr'>defe-</span> 
     </span>
     <span class='ocr_line' id='line_1_24' title="bbox 37 1479 1467 1532; baseline -0.001 -10"><span class='ocrx_word' id='word_1_185' title='bbox 37 1486 145 1523; x_wconf 72' lang='lat' dir='ltr'>cerat</span> <span class='ocrx_word' id='word_1_186' title='bbox 163 1481 334 1532; x_wconf 88' lang='lat' dir='ltr'>positum</span> <span class='ocrx_word' id='word_1_187' title='bbox 357 1480 395 1519; x_wconf 92' lang='lat' dir='ltr'>in</span> <span class='ocrx_word' id='word_1_188' title='bbox 414 1485 674 1520; x_wconf 87' lang='lat' dir='ltr'>monumento</span> <span class='ocrx_word' id='word_1_189' title='bbox 690 1479 823 1519; x_wconf 89' lang='lat' dir='ltr'>lumen</span> <span class='ocrx_word' id='word_1_190' title='bbox 842 1479 1066 1519; x_wconf 88' lang='lat' dir='ltr'>renovabat.</span> <span class='ocrx_word' id='word_1_191' title='bbox 1099 1491 1176 1519; x_wconf 90' lang='lat' dir='ltr'>una</span> <span class='ocrx_word' id='word_1_192' title='bbox 1193 1480 1314 1531; x_wconf 88' lang='lat' dir='ltr'>igitur</span> <span class='ocrx_word' id='word_1_193' title='bbox 1329 1481 1370 1519; x_wconf 92' lang='lat' dir='ltr'>in</span> <span class='ocrx_word' id='word_1_194' title='bbox 1387 1487 1467 1520; x_wconf 91' lang='lat' dir='ltr'>tota</span> 
     </span>
     <span class='ocr_line' id='line_1_25' title="bbox 33 1535 1467 1588; baseline 0.001 -12"><span class='ocrx_word' id='word_1_195' title='bbox 33 1535 191 1583; x_wconf 59' lang='lat' dir='ltr'>civitate</span> <span class='ocrx_word' id='word_1_196' title='bbox 212 1536 341 1576; x_wconf 85' lang='lat' dir='ltr'>fabula</span> <span class='ocrx_word' id='word_1_197' title='bbox 363 1542 467 1583; x_wconf 88' lang='lat' dir='ltr'>erat,</span> <span class='ocrx_word' id='word_1_198' title='bbox 498 1536 625 1575; x_wconf 90' lang='lat' dir='ltr'>solum</span> <span class='ocrx_word' id='word_1_199' title='bbox 647 1535 741 1575; x_wconf 89' lang='lat' dir='ltr'>illud</span> <span class='ocrx_word' id='word_1_200' title='bbox 763 1535 952 1575; x_wconf 82' lang='lat' dir='ltr'>affulsisse</span> <span class='ocrx_word' id='word_1_201' title='bbox 972 1548 1108 1576; x_wconf 85' lang='lat' dir='ltr'>verum</span> <span class='ocrx_word' id='word_1_202' title='bbox 1131 1536 1338 1588; x_wconf 89' lang='lat' dir='ltr'>pudicitiae</span> <span class='ocrx_word' id='word_1_203' title='bbox 1359 1549 1467 1577; x_wconf 89' lang='lat' dir='ltr'>amo-</span> 
     </span>
     <span class='ocr_line' id='line_1_26' title="bbox 24 1591 1468 1656; baseline 0.001 -24"><span class='ocrx_word' id='word_1_204' title='bbox 24 1591 170 1656; x_wconf 47' lang='lat' dir='ltr'>{isque</span> <span class='ocrx_word' id='word_1_205' title='bbox 190 1593 412 1644; x_wconf 84' lang='lat' dir='ltr'>exemplum</span> <span class='ocrx_word' id='word_1_206' title='bbox 435 1593 563 1632; x_wconf 90' lang='lat' dir='ltr'>omnis</span> <span class='ocrx_word' id='word_1_207' title='bbox 583 1591 733 1631; x_wconf 90' lang='lat' dir='ltr'>ordinis</span> <span class='ocrx_word' id='word_1_208' title='bbox 753 1592 933 1631; x_wconf 90' lang='lat' dir='ltr'>homines</span> <span class='ocrx_word' id='word_1_209' title='bbox 953 1591 1263 1641; x_wconf 85' lang='lat' dir='ltr'>confitebantur,</span> <span class='ocrx_word' id='word_1_210' title='bbox 1293 1606 1384 1633; x_wconf 91' lang='lat' dir='ltr'>cum</span> <span class='ocrx_word' id='word_1_211' title='bbox 1405 1594 1468 1634; x_wconf 93' lang='lat' dir='ltr'>in-</span> 
     </span>
     <span class='ocr_line' id='line_1_27' title="bbox 101 1648 1471 1702; baseline 0.001 -13"><span class='ocrx_word' id='word_1_212' title='bbox 101 1650 154 1689; x_wconf 91' lang='lat' dir='ltr'>im</span> <span class='ocrx_word' id='word_1_213' title='bbox 184 1650 399 1701; x_wconf 90' lang='lat' dir='ltr'>imperator</span> <span class='ocrx_word' id='word_1_214' title='bbox 420 1649 644 1700; x_wconf 89' lang='lat' dir='ltr'>provinciae</span> <span class='ocrx_word' id='word_1_215' title='bbox 666 1648 839 1688; x_wconf 89' lang='lat' dir='ltr'>latrones</span> <span class='ocrx_word' id='word_1_216' title='bbox 860 1648 972 1688; x_wconf 90' lang='lat' dir='ltr'>iussit</span> <span class='ocrx_word' id='word_1_217' title='bbox 993 1648 1177 1689; x_wconf 87' lang='lat' dir='ltr'>crucibus</span> <span class='ocrx_word' id='word_1_218' title='bbox 1199 1650 1303 1702; x_wconf 81' lang='lat' dir='ltr'>affigi</span> <span class='ocrx_word' id='word_1_219' title='bbox 1325 1663 1471 1690; x_wconf 89' lang='lat' dir='ltr'>secun-</span> 
     </span>
     <span class='ocr_line' id='line_1_28' title="bbox 93 1705 1470 1756; baseline 0 -10"><span class='ocrx_word' id='word_1_220' title='bbox 93 1718 131 1745; x_wconf 93' lang='lat' dir='ltr'>m</span> <span class='ocrx_word' id='word_1_221' title='bbox 170 1706 272 1746; x_wconf 89' lang='lat' dir='ltr'>illam</span> <span class='ocrx_word' id='word_1_222' title='bbox 313 1705 501 1752; x_wconf 80' lang='lat' dir='ltr'>casulam,</span> <span class='ocrx_word' id='word_1_223' title='bbox 541 1705 580 1744; x_wconf 92' lang='lat' dir='ltr'>in</span> <span class='ocrx_word' id='word_1_224' title='bbox 613 1717 689 1756; x_wconf 90' lang='lat' dir='ltr'>qua</span> <span class='ocrx_word' id='word_1_225' title='bbox 719 1717 858 1744; x_wconf 89' lang='lat' dir='ltr'>recens</span> <span class='ocrx_word' id='word_1_226' title='bbox 889 1705 1051 1744; x_wconf 89' lang='lat' dir='ltr'>cadaver</span> <span class='ocrx_word' id='word_1_227' title='bbox 1080 1712 1258 1745; x_wconf 91' lang='lat' dir='ltr'>matrona</span> <span class='ocrx_word' id='word_1_228' title='bbox 1291 1706 1470 1746; x_wconf 86' lang='lat' dir='ltr'>deflebat.</span> 
     </span>
     <span class='ocr_line' id='line_1_29' title="bbox 24 1761 1471 1814; baseline 0.003 -16"><span class='ocrx_word' id='word_1_229' title='bbox 24 1795 26 1798; x_wconf 83' lang='lat'><em>.</em></span> <span class='ocrx_word' id='word_1_230' title='bbox 88 1762 216 1802; x_wconf 78' lang='lat' dir='ltr'>oxima</span> <span class='ocrx_word' id='word_1_231' title='bbox 238 1774 332 1814; x_wconf 88' lang='lat' dir='ltr'>ergo</span> <span class='ocrx_word' id='word_1_232' title='bbox 355 1767 491 1810; x_wconf 88' lang='lat' dir='ltr'>nocte,</span> <span class='ocrx_word' id='word_1_233' title='bbox 524 1773 612 1801; x_wconf 90' lang='lat' dir='ltr'>cum</span> <span class='ocrx_word' id='word_1_234' title='bbox 636 1761 766 1808; x_wconf 88' lang='lat' dir='ltr'>miles,</span> <span class='ocrx_word' id='word_1_235' title='bbox 794 1761 861 1812; x_wconf 90' lang='lat' dir='ltr'>qui</span> <span class='ocrx_word' id='word_1_236' title='bbox 883 1773 1021 1801; x_wconf 90' lang='lat' dir='ltr'>cruces</span> <span class='ocrx_word' id='word_1_237' title='bbox 1040 1761 1282 1810; x_wconf 87' lang='lat' dir='ltr'>asservabat,</span> <span class='ocrx_word' id='word_1_238' title='bbox 1312 1775 1362 1802; x_wconf 92' lang='lat' dir='ltr'>ne</span> <span class='ocrx_word' id='word_1_239' title='bbox 1383 1763 1471 1814; x_wconf 87' lang='lat' dir='ltr'>quis</span> 
     </span>
     <span class='ocr_line' id='line_1_30' title="bbox 43 1815 1471 1872; baseline 0 -13"><span class='ocrx_word' id='word_1_240' title='bbox 43 1863 47 1868; x_wconf 27' lang='lat'>⁸</span> <span class='ocrx_word' id='word_1_241' title='bbox 116 1819 356 1871; x_wconf 81' lang='lat' dir='ltr'>sepulturam</span> <span class='ocrx_word' id='word_1_242' title='bbox 387 1830 532 1870; x_wconf 88' lang='lat' dir='ltr'>corpus</span> <span class='ocrx_word' id='word_1_243' title='bbox 553 1817 793 1865; x_wconf 87' lang='lat' dir='ltr'>detraheret,</span> <span class='ocrx_word' id='word_1_244' title='bbox 828 1823 1003 1858; x_wconf 88' lang='lat' dir='ltr'>notasset</span> <span class='ocrx_word' id='word_1_245' title='bbox 1023 1817 1097 1858; x_wconf 91' lang='lat' dir='ltr'>sibi</span> <span class='ocrx_word' id='word_1_246' title='bbox 1119 1815 1188 1872; x_wconf 92' lang='lat' dir='ltr'>[et]</span> <span class='ocrx_word' id='word_1_247' title='bbox 1211 1819 1344 1859; x_wconf 92' lang='lat' dir='ltr'>lumen</span> <span class='ocrx_word' id='word_1_248' title='bbox 1365 1819 1471 1859; x_wconf 89' lang='lat' dir='ltr'>inter</span> 
     </span>
     <span class='ocr_line' id='line_1_31' title="bbox 35 1874 1471 1926; baseline 0.001 -11"><span class='ocrx_word' id='word_1_249' title='bbox 35 1876 295 1923; x_wconf 53' lang='lat' dir='ltr'>honumenta</span> <span class='ocrx_word' id='word_1_250' title='bbox 325 1874 467 1914; x_wconf 89' lang='lat' dir='ltr'>clarius</span> <span class='ocrx_word' id='word_1_251' title='bbox 498 1874 652 1925; x_wconf 78' lang='lat' dir='ltr'>fulgens</span> <span class='ocrx_word' id='word_1_252' title='bbox 682 1880 721 1913; x_wconf 88' lang='lat' dir='ltr'>et</span> <span class='ocrx_word' id='word_1_253' title='bbox 750 1874 938 1926; x_wconf 85' lang='lat' dir='ltr'>gemitum</span> <span class='ocrx_word' id='word_1_254' title='bbox 967 1874 1139 1926; x_wconf 87' lang='lat' dir='ltr'>lugentis</span> <span class='ocrx_word' id='word_1_255' title='bbox 1158 1875 1350 1924; x_wconf 88' lang='lat' dir='ltr'>audisset,</span> <span class='ocrx_word' id='word_1_256' title='bbox 1381 1876 1471 1916; x_wconf 91' lang='lat' dir='ltr'>vitio</span> 
     </span>
     <span class='ocr_line' id='line_1_32' title="bbox 39 1930 1474 1985; baseline 0 -13"><span class='ocrx_word' id='word_1_257' title='bbox 39 1931 170 1985; x_wconf 57' lang='lat' dir='ltr'>flentis</span> <span class='ocrx_word' id='word_1_258' title='bbox 190 1932 383 1971; x_wconf 89' lang='lat' dir='ltr'>humanae</span> <span class='ocrx_word' id='word_1_259' title='bbox 405 1930 608 1983; x_wconf 89' lang='lat' dir='ltr'>concupiit</span> <span class='ocrx_word' id='word_1_260' title='bbox 627 1930 742 1978; x_wconf 87' lang='lat' dir='ltr'>scire,</span> <span class='ocrx_word' id='word_1_261' title='bbox 762 1930 850 1982; x_wconf 91' lang='lat' dir='ltr'>quis</span> <span class='ocrx_word' id='word_1_262' title='bbox 871 1937 937 1970; x_wconf 89' lang='lat' dir='ltr'>aut</span> <span class='ocrx_word' id='word_1_263' title='bbox 957 1931 1050 1982; x_wconf 85' lang='lat' dir='ltr'>quid</span> <span class='ocrx_word' id='word_1_264' title='bbox 1070 1933 1230 1971; x_wconf 84' lang='lat' dir='ltr'>faceret.</span> <span class='ocrx_word' id='word_1_265' title='bbox 1270 1932 1474 1972; x_wconf 89' lang='lat' dir='ltr'>descendit</span> 
     </span>
     <span class='ocr_line' id='line_1_33' title="bbox 39 1986 1473 2041; baseline 0 -13"><span class='ocrx_word' id='word_1_266' title='bbox 39 1986 164 2041; x_wconf 57' lang='lat' dir='ltr'>Igitur</span> <span class='ocrx_word' id='word_1_267' title='bbox 183 1987 223 2027; x_wconf 93' lang='lat' dir='ltr'>in</span> <span class='ocrx_word' id='word_1_268' title='bbox 247 1987 533 2035; x_wconf 86' lang='lat' dir='ltr'>conditorium,</span> <span class='ocrx_word' id='word_1_269' title='bbox 564 1987 721 2038; x_wconf 90' lang='lat' dir='ltr'>visaque</span> <span class='ocrx_word' id='word_1_270' title='bbox 743 1987 1006 2039; x_wconf 88' lang='lat' dir='ltr'>pulcherrima</span> <span class='ocrx_word' id='word_1_271' title='bbox 1029 1988 1191 2027; x_wconf 90' lang='lat' dir='ltr'>muliere</span> <span class='ocrx_word' id='word_1_272' title='bbox 1214 1988 1341 2040; x_wconf 89' lang='lat' dir='ltr'>primo</span> <span class='ocrx_word' id='word_1_273' title='bbox 1364 1989 1473 2040; x_wconf 88' lang='lat' dir='ltr'>quasi</span> 
     </span>
     <span class='ocr_line' id='line_1_34' title="bbox 41 2043 1473 2097; baseline 0 -13"><span class='ocrx_word' id='word_1_274' title='bbox 41 2043 210 2097; x_wconf 61' lang='lat' dir='ltr'>guodam</span> <span class='ocrx_word' id='word_1_275' title='bbox 223 2050 402 2084; x_wconf 85' lang='lat' dir='ltr'>monstro</span> <span class='ocrx_word' id='word_1_276' title='bbox 419 2044 664 2095; x_wconf 79' lang='lat' dir='ltr'>infernisque</span> <span class='ocrx_word' id='word_1_277' title='bbox 681 2043 917 2095; x_wconf 86' lang='lat' dir='ltr'>imaginibus</span> <span class='ocrx_word' id='word_1_278' title='bbox 933 2043 1113 2084; x_wconf 87' lang='lat' dir='ltr'>turbatus</span> <span class='ocrx_word' id='word_1_279' title='bbox 1129 2044 1311 2084; x_wconf 88' lang='lat' dir='ltr'>substitit.</span> <span class='ocrx_word' id='word_1_280' title='bbox 1333 2045 1473 2084; x_wconf 91' lang='lat' dir='ltr'>deinde</span> 
     </span>
    </p>
   </div>
   <div class='ocr_carea' id='block_1_3' title="bbox 0 0 84 2886">
    <p class='ocr_par' dir='ltr' id='par_1_3' title="bbox 0 0 84 2886">
     <span class='ocr_line' id='line_1_35' title="bbox 0 0 84 540; baseline 0 -124"><span class='ocrx_word' id='word_1_281' title='bbox 0 0 84 540; x_wconf 95' lang='lat' dir='ltr'>    </span> 
     </span>
     <span class='ocr_line' id='line_1_36' title="bbox 0 540 32 721; baseline 0 0"><span class='ocrx_word' id='word_1_282' title='bbox 0 540 32 721; x_wconf 95' lang='lat' dir='ltr'>     </span> 
     </span>
     <span class='ocr_line' id='line_1_37' title="bbox 0 721 20 2886; baseline 0 0"><span class='ocrx_word' id='word_1_283' title='bbox 0 721 20 2886; x_wconf 95' lang='lat' dir='ltr'>  </span> 
     </span>
    </p>
   </div>
   <div class='ocr_carea' id='block_1_4' title="bbox 13 2100 1476 2378">
    <p class='ocr_par' dir='ltr' id='par_1_4' title="bbox 13 2100 1476 2378">
     <span class='ocr_line' id='line_1_38' title="bbox 40 2100 1474 2153; baseline 0.001 -13"><span class='ocrx_word' id='word_1_284' title='bbox 40 2105 90 2146; x_wconf 61' lang='grc' dir='ltr'>,ι</span> <span class='ocrx_word' id='word_1_285' title='bbox 117 2106 156 2140; x_wconf 85' lang='lat' dir='ltr'>et</span> <span class='ocrx_word' id='word_1_286' title='bbox 184 2113 329 2153; x_wconf 88' lang='lat' dir='ltr'>corpus</span> <span class='ocrx_word' id='word_1_287' title='bbox 359 2101 523 2140; x_wconf 86' lang='lat' dir='ltr'>iacentis</span> <span class='ocrx_word' id='word_1_288' title='bbox 548 2100 753 2152; x_wconf 84' lang='lat' dir='ltr'>conspexit</span> <span class='ocrx_word' id='word_1_289' title='bbox 774 2106 810 2139; x_wconf 88' lang='lat' dir='ltr'>et</span> <span class='ocrx_word' id='word_1_290' title='bbox 833 2100 1012 2140; x_wconf 88' lang='lat' dir='ltr'>lacrimas</span> <span class='ocrx_word' id='word_1_291' title='bbox 1034 2100 1295 2140; x_wconf 89' lang='lat' dir='ltr'>consideravit</span> <span class='ocrx_word' id='word_1_292' title='bbox 1315 2102 1474 2141; x_wconf 86' lang='lat' dir='ltr'>faciem-</span> 
     </span>
     <span class='ocr_line' id='line_1_39' title="bbox 37 2156 1475 2210; baseline -0.001 -13"><span class='ocrx_word' id='word_1_293' title='bbox 37 2165 124 2210; x_wconf 53' lang='grc' dir='ltr'>με</span> <span class='ocrx_word' id='word_1_294' title='bbox 151 2157 351 2208; x_wconf 91' lang='lat' dir='ltr'>unguibus</span> <span class='ocrx_word' id='word_1_295' title='bbox 380 2163 544 2204; x_wconf 84' lang='lat' dir='ltr'>sectam,</span> <span class='ocrx_word' id='word_1_296' title='bbox 577 2162 683 2196; x_wconf 89' lang='lat' dir='ltr'>ratus</span> <span class='ocrx_word' id='word_1_297' title='bbox 713 2156 862 2196; x_wconf 87' lang='lat' dir='ltr'>scilicet</span> <span class='ocrx_word' id='word_1_298' title='bbox 892 2157 929 2195; x_wconf 94' lang='lat' dir='ltr'>id</span> <span class='ocrx_word' id='word_1_299' title='bbox 961 2158 1065 2208; x_wconf 88' lang='lat' dir='ltr'>quod</span> <span class='ocrx_word' id='word_1_300' title='bbox 1097 2163 1199 2204; x_wconf 87' lang='lat' dir='ltr'>erat,</span> <span class='ocrx_word' id='word_1_301' title='bbox 1238 2157 1475 2198; x_wconf 90' lang='lat' dir='ltr'>desiderium</span> 
     </span>
     <span class='ocr_line' id='line_1_40' title="bbox 19 2212 1474 2265; baseline 0.001 -12"><span class='ocrx_word' id='word_1_302' title='bbox 19 2241 22 2243; x_wconf 18' lang='grc' dir='ltr'><strong>Δ</strong></span> <span class='ocrx_word' id='word_1_303' title='bbox 40 2212 206 2262; x_wconf 48' lang='lat' dir='ltr'>Quincti</span> <span class='ocrx_word' id='word_1_304' title='bbox 227 2226 307 2253; x_wconf 91' lang='lat' dir='ltr'>non</span> <span class='ocrx_word' id='word_1_305' title='bbox 330 2226 445 2265; x_wconf 86' lang='lat' dir='ltr'>posse</span> <span class='ocrx_word' id='word_1_306' title='bbox 462 2213 645 2252; x_wconf 86' lang='lat' dir='ltr'>feminam</span> <span class='ocrx_word' id='word_1_307' title='bbox 663 2213 755 2265; x_wconf 90' lang='lat' dir='ltr'>pati,</span> <span class='ocrx_word' id='word_1_308' title='bbox 777 2213 904 2252; x_wconf 87' lang='lat' dir='ltr'>attulit</span> <span class='ocrx_word' id='word_1_309' title='bbox 920 2213 958 2252; x_wconf 94' lang='lat' dir='ltr'>in</span> <span class='ocrx_word' id='word_1_310' title='bbox 976 2219 1279 2253; x_wconf 90' lang='lat' dir='ltr'>monumentum</span> <span class='ocrx_word' id='word_1_311' title='bbox 1295 2214 1474 2254; x_wconf 88' lang='lat' dir='ltr'>cenulam</span> 
     </span>
     <span class='ocr_line' id='line_1_41' title="bbox 13 2270 1476 2322; baseline -0.001 -11"><span class='ocrx_word' id='word_1_312' title='bbox 13 2277 156 2319; x_wconf 60' lang='lat' dir='ltr'>mm</span> <span class='ocrx_word' id='word_1_313' title='bbox 193 2270 400 2322; x_wconf 87' lang='lat' dir='ltr'>coepitque</span> <span class='ocrx_word' id='word_1_314' title='bbox 439 2270 585 2309; x_wconf 87' lang='lat' dir='ltr'>hortari</span> <span class='ocrx_word' id='word_1_315' title='bbox 623 2270 847 2320; x_wconf 86' lang='lat' dir='ltr'>lugentem,</span> <span class='ocrx_word' id='word_1_316' title='bbox 886 2282 936 2309; x_wconf 91' lang='lat' dir='ltr'>ne</span> <span class='ocrx_word' id='word_1_317' title='bbox 973 2276 1239 2322; x_wconf 87' lang='lat' dir='ltr'>perseveraret</span> <span class='ocrx_word' id='word_1_318' title='bbox 1270 2271 1309 2310; x_wconf 92' lang='lat' dir='ltr'>in</span> <span class='ocrx_word' id='word_1_319' title='bbox 1341 2270 1476 2311; x_wconf 90' lang='lat' dir='ltr'>dolore</span> 
     </span>
     <span class='ocr_line' id='line_1_42' title="bbox 48 2326 1475 2378; baseline -0.001 -10"><span class='ocrx_word' id='word_1_320' title='bbox 48 2333 288 2378; x_wconf 58' lang='lat' dir='ltr'>”pervacua</span> <span class='ocrx_word' id='word_1_321' title='bbox 310 2339 355 2366; x_wconf 91' lang='lat' dir='ltr'>ac</span> <span class='ocrx_word' id='word_1_322' title='bbox 379 2327 473 2366; x_wconf 90' lang='lat' dir='ltr'>nihil</span> <span class='ocrx_word' id='word_1_323' title='bbox 494 2327 701 2378; x_wconf 78' lang='lat' dir='ltr'>profuturo</span> <span class='ocrx_word' id='word_1_324' title='bbox 722 2326 869 2377; x_wconf 89' lang='lat' dir='ltr'>gemitu</span> <span class='ocrx_word' id='word_1_325' title='bbox 891 2333 1029 2378; x_wconf 88' lang='lat' dir='ltr'>pectus</span> <span class='ocrx_word' id='word_1_326' title='bbox 1049 2327 1270 2366; x_wconf 88' lang='lat' dir='ltr'>diduceret:</span> <span class='ocrx_word' id='word_1_327' title='bbox 1300 2327 1475 2367; x_wconf 91' lang='lat' dir='ltr'>omnium</span> 
     </span>
    </p>
   </div>
   <div class='ocr_carea' id='block_1_5' title="bbox 53 2426 318 2437">
    <p class='ocr_par' dir='ltr' id='par_1_5' title="bbox 53 2426 318 2437">
     <span class='ocr_line' id='line_1_43' title="bbox 53 2426 318 2437; baseline 0 449"><span class='ocrx_word' id='word_1_328' title='bbox 53 2426 318 2437; x_wconf 95' lang='lat' dir='ltr'> </span> 
     </span>
    </p>
   </div>
   <div class='ocr_carea' id='block_1_6' title="bbox 15 2483 1483 2662">
    <p class='ocr_par' dir='ltr' id='par_1_6' title="bbox 15 2483 1482 2662">
     <span class='ocr_line' id='line_1_44' title="bbox 47 2483 1478 2527; baseline 0.001 -10"><span class='ocrx_word' id='word_1_329' title='bbox 47 2510 61 2524; x_wconf 88' lang='grc'><em>,</em></span> <span class='ocrx_word' id='word_1_330' title='bbox 161 2484 182 2517; x_wconf 82' lang='grc'>9</span> <span class='ocrx_word' id='word_1_331' title='bbox 207 2493 347 2517; x_wconf 84' lang='lat' dir='ltr'>exorsus</span> <span class='ocrx_word' id='word_1_332' title='bbox 372 2483 539 2516; x_wconf 79' lang='lat' dir='ltr'>nonnulli</span> <span class='ocrx_word' id='word_1_333' title='bbox 563 2494 608 2516; x_wconf 72' lang='lat' dir='ltr'>ex</span> <span class='ocrx_word' id='word_1_334' title='bbox 635 2484 662 2516; x_wconf 89' lang='lat'><strong><em>0</em></strong></span> <span class='ocrx_word' id='word_1_335' title='bbox 693 2483 705 2526; x_wconf 89' lang='grc' dir='ltr'>ΙΙ</span> <span class='ocrx_word' id='word_1_336' title='bbox 738 2485 779 2518; x_wconf 79' lang='lat'>14</span> <span class='ocrx_word' id='word_1_337' title='bbox 803 2484 896 2516; x_wconf 87' lang='lat' dir='ltr'>malo</span> <span class='ocrx_word' id='word_1_338' title='bbox 921 2486 1038 2518; x_wconf 86' lang='lat' dir='ltr'>secuta</span> <span class='ocrx_word' id='word_1_339' title='bbox 1068 2483 1079 2527; x_wconf 90' lang='grc' dir='ltr'>ΙΙ</span> <span class='ocrx_word' id='word_1_340' title='bbox 1110 2485 1150 2517; x_wconf 84' lang='lat'>21</span> <span class='ocrx_word' id='word_1_341' title='bbox 1178 2483 1311 2527; x_wconf 84' lang='lat' dir='ltr'>quoties</span> <span class='ocrx_word' id='word_1_342' title='bbox 1334 2483 1364 2517; x_wconf 85' lang='lat' dir='ltr'><em>L</em></span> <span class='ocrx_word' id='word_1_343' title='bbox 1393 2484 1405 2527; x_wconf 85' lang='grc' dir='ltr'>ΙΙ</span> <span class='ocrx_word' id='word_1_344' title='bbox 1435 2486 1478 2519; x_wconf 83' lang='grc'>23</span> 
     </span>
     <span class='ocr_line' id='line_1_45' title="bbox 15 2510 1483 2575; baseline -0.001 -12"><span class='ocrx_word' id='word_1_345' title='bbox 15 2555 26 2570; x_wconf 22' lang='grc'>1.</span> <span class='ocrx_word' id='word_1_346' title='bbox 46 2510 150 2575; x_wconf 48' lang='lat' dir='ltr'>{mudl</span> <span class='ocrx_word' id='word_1_347' title='bbox 174 2527 332 2562; x_wconf 81' lang='lat' dir='ltr'>videlicet</span> <span class='ocrx_word' id='word_1_348' title='bbox 368 2528 535 2562; x_wconf 77' lang='lat' dir='ltr'>nonnulli</span> <span class='ocrx_word' id='word_1_349' title='bbox 558 2540 605 2562; x_wconf 70' lang='lat' dir='ltr'>ew</span> <span class='ocrx_word' id='word_1_350' title='bbox 632 2529 658 2561; x_wconf 92' lang='lat' dir='ltr'><em>O</em></span> <span class='ocrx_word' id='word_1_351' title='bbox 688 2528 700 2571; x_wconf 80' lang='lat' dir='ltr'>ss</span> <span class='ocrx_word' id='word_1_352' title='bbox 730 2529 773 2562; x_wconf 80' lang='lat'>26</span> <span class='ocrx_word' id='word_1_353' title='bbox 808 2528 900 2562; x_wconf 88' lang='lat' dir='ltr'>illam</span> <span class='ocrx_word' id='word_1_354' title='bbox 926 2528 1065 2562; x_wconf 79' lang='lat' dir='ltr'>eandem</span> <span class='ocrx_word' id='word_1_355' title='bbox 1093 2528 1243 2562; x_wconf 86' lang='lat' dir='ltr'>casulam</span> <span class='ocrx_word' id='word_1_356' title='bbox 1265 2529 1475 2572; x_wconf 77' lang='lat' dir='ltr'>tlom&#39;legia.</span> <span class='ocrx_word' id='word_1_357' title='bbox 1473 2531 1483 2552; x_wconf 81' lang='lat'><strong>¹</strong></span> 
     </span>
     <span class='ocr_line' id='line_1_46' title="bbox 46 2565 1482 2618; baseline -0.001 -9.997"><span class='ocrx_word' id='word_1_358' title='bbox 46 2565 96 2608; x_wconf 66' lang='lat'>3¹1</span> <span class='ocrx_word' id='word_1_359' title='bbox 120 2573 277 2607; x_wconf 71' lang='lat' dir='ltr'>serv-bat</span> <span class='ocrx_word' id='word_1_360' title='bbox 303 2573 330 2607; x_wconf 89' lang='lat'><strong><em>0</em></strong></span> <span class='ocrx_word' id='word_1_361' title='bbox 346 2574 359 2617; x_wconf 87' lang='grc' dir='ltr'>ΙΙ</span> <span class='ocrx_word' id='word_1_362' title='bbox 378 2575 420 2608; x_wconf 83' lang='grc'>28</span> <span class='ocrx_word' id='word_1_363' title='bbox 446 2583 585 2616; x_wconf 85' lang='lat' dir='ltr'>corpora</span> <span class='ocrx_word' id='word_1_364' title='bbox 612 2573 641 2606; x_wconf 89' lang='lat' dir='ltr'><em>L</em></span> <span class='ocrx_word' id='word_1_365' title='bbox 658 2573 671 2618; x_wconf 82' lang='grc' dir='ltr'>ΙΙ</span> <span class='ocrx_word' id='word_1_366' title='bbox 689 2575 732 2606; x_wconf 90' lang='grc'>30</span> <span class='ocrx_word' id='word_1_367' title='bbox 758 2577 816 2607; x_wconf 88' lang='lat' dir='ltr'>aut</span> <span class='ocrx_word' id='word_1_368' title='bbox 841 2584 906 2607; x_wconf 89' lang='lat' dir='ltr'>om.</span> <span class='ocrx_word' id='word_1_369' title='bbox 931 2573 1094 2607; x_wconf 70' lang='lat' dir='ltr'>Reisktus</span> <span class='ocrx_word' id='word_1_370' title='bbox 1111 2573 1124 2617; x_wconf 82' lang='lat' dir='ltr'>ll</span> <span class='ocrx_word' id='word_1_371' title='bbox 1141 2575 1182 2608; x_wconf 80' lang='lat'>37</span> <span class='ocrx_word' id='word_1_372' title='bbox 1209 2573 1260 2616; x_wconf 84' lang='lat' dir='ltr'>ac]</span> <span class='ocrx_word' id='word_1_373' title='bbox 1285 2577 1343 2608; x_wconf 82' lang='lat' dir='ltr'>aut</span> <span class='ocrx_word' id='word_1_374' title='bbox 1369 2575 1482 2608; x_wconf 76' lang='lat' dir='ltr'>codex</span> 
     </span>
     <span class='ocr_line' id='line_1_47' title="bbox 59 2613 787 2662; baseline -0.003 -9"><span class='ocrx_word' id='word_1_375' title='bbox 59 2613 367 2662; x_wconf 61' lang='lat' dir='ltr'>Guelferbytanus.</span> <span class='ocrx_word' id='word_1_376' title='bbox 414 2618 569 2659; x_wconf 75' lang='lat' dir='ltr'>fortasse</span> <span class='ocrx_word' id='word_1_377' title='bbox 594 2629 634 2652; x_wconf 91' lang='lat' dir='ltr'>ne</span> <span class='ocrx_word' id='word_1_378' title='bbox 659 2618 787 2662; x_wconf 82' lang='lat' dir='ltr'>gemitu</span> 
     </span>
    </p>
   </div>
  </div>
 </body>
</html>
