<?xml version="1.0" encoding="UTF-8"?>
<!DOCTYPE html PUBLIC "-//W3C//DTD XHTML 1.0 Transitional//EN"
    "http://www.w3.org/TR/xhtml1/DTD/xhtml1-transitional.dtd">
<html xmlns="http://www.w3.org/1999/xhtml" xml:lang="en" lang="en">
 <head>
  <title>
</title>
<meta http-equiv="Content-Type" content="text/html;charset=utf-8" />
  <meta name='ocr-system' content='tesseract 3.04.00' />
  <meta name='ocr-capabilities' content='ocr_page ocr_carea ocr_par ocr_line ocrx_word'/>
</head>
<body>
  <div class='ocr_page' id='page_1' title='image "./satiraeetliberpr00petruoft_0076.png"; bbox 0 0 1728 2886; ppageno 0'>
   <div class='ocr_carea' id='block_1_1' title="bbox 210 117 1030 157">
    <p class='ocr_par' dir='ltr' id='par_1_1' title="bbox 210 117 1030 157">
     <span class='ocr_line' id='line_1_1' title="bbox 210 117 1030 157; baseline -0.017 9"><span class='ocrx_word' id='word_1_1' title='bbox 210 118 265 157; x_wconf 87' lang='grc'>72</span> <span class='ocrx_word' id='word_1_2' title='bbox 826 117 1030 152; x_wconf 76' lang='grc' dir='ltr'><strong>ΡΕΤΒοΝιι</strong></span> 
     </span>
    </p>
   </div>
   <div class='ocr_carea' id='block_1_2' title="bbox 99 233 1716 2560">
    <p class='ocr_par' dir='ltr' id='par_1_2' title="bbox 99 233 1659 909">
     <span class='ocr_line' id='line_1_2' title="bbox 99 233 1639 286; baseline -0.002 -11"><span class='ocrx_word' id='word_1_3' title='bbox 99 235 179 280; x_wconf 89' lang='grc'>105</span> <span class='ocrx_word' id='word_1_4' title='bbox 211 234 286 274; x_wconf 86' lang='grc'>11151</span> <span class='ocrx_word' id='word_1_5' title='bbox 307 246 397 274; x_wconf 86' lang='grc'>011111</span> <span class='ocrx_word' id='word_1_6' title='bbox 418 233 558 286; x_wconf 81' lang='lat' dir='ltr'>pelago</span> <span class='ocrx_word' id='word_1_7' title='bbox 580 239 720 273; x_wconf 86' lang='lat' dir='ltr'>ventus</span> <span class='ocrx_word' id='word_1_8' title='bbox 740 233 947 273; x_wconf 88' lang='lat' dir='ltr'>irascitur&#39;.</span> <span class='ocrx_word' id='word_1_9' title='bbox 978 234 1190 274; x_wconf 83' lang='lat' dir='ltr'><strong>excanduit</strong></span> <span class='ocrx_word' id='word_1_10' title='bbox 1204 233 1344 274; x_wconf 85' lang='lat' dir='ltr'><strong>Lichas</strong></span> <span class='ocrx_word' id='word_1_11' title='bbox 1365 235 1441 275; x_wconf 90' lang='lat' dir='ltr'>hoc</span> <span class='ocrx_word' id='word_1_12' title='bbox 1461 247 1639 276; x_wconf 88' lang='lat' dir='ltr'>sermon</span> 
     </span>
     <span class='ocr_line' id='line_1_3' title="bbox 211 289 1653 344; baseline 0.002 -14"><span class='ocrx_word' id='word_1_13' title='bbox 211 291 393 331; x_wconf 89' lang='lat' dir='ltr'>turbatus</span> <span class='ocrx_word' id='word_1_14' title='bbox 413 296 452 330; x_wconf 90' lang='lat' dir='ltr'>et</span> <span class='ocrx_word' id='word_1_15' title='bbox 469 289 598 330; x_wconf 84' lang='lat' dir='ltr'>‘itane’</span> <span class='ocrx_word' id='word_1_16' title='bbox 614 290 744 341; x_wconf 89' lang='lat' dir='ltr'>inquit</span> <span class='ocrx_word' id='word_1_17' title='bbox 760 289 935 342; x_wconf 90' lang='lat' dir='ltr'>‘capillos</span> <span class='ocrx_word' id='word_1_18' title='bbox 956 290 1096 342; x_wconf 90' lang='lat' dir='ltr'>aliquis</span> <span class='ocrx_word' id='word_1_19' title='bbox 1116 291 1156 330; x_wconf 94' lang='lat' dir='ltr'>in</span> <span class='ocrx_word' id='word_1_20' title='bbox 1179 303 1278 330; x_wconf 90' lang='lat' dir='ltr'>nave</span> <span class='ocrx_word' id='word_1_21' title='bbox 1292 292 1495 344; x_wconf 82' lang='lat' dir='ltr'>praecidit,</span> <span class='ocrx_word' id='word_1_22' title='bbox 1516 297 1556 332; x_wconf 89' lang='lat' dir='ltr'>et</span> <span class='ocrx_word' id='word_1_23' title='bbox 1569 292 1621 333; x_wconf 91' lang='grc'>110</span> <span class='ocrx_word' id='word_1_24' title='bbox 1631 310 1653 328; x_wconf 93' lang='grc'>·</span> 
     </span>
     <span class='ocr_line' id='line_1_4' title="bbox 212 344 1653 400; baseline 0.001 -13"><span class='ocrx_word' id='word_1_25' title='bbox 212 353 328 387; x_wconf 89' lang='lat' dir='ltr'>nocte</span> <span class='ocrx_word' id='word_1_26' title='bbox 349 344 612 399; x_wconf 78' lang='lat' dir='ltr'>intempesta?</span> <span class='ocrx_word' id='word_1_27' title='bbox 638 347 819 387; x_wconf 83' lang='lat' dir='ltr'><strong>attrahite</strong></span> <span class='ocrx_word' id='word_1_28' title='bbox 840 347 950 387; x_wconf 92' lang='lat' dir='ltr'>ocius</span> <span class='ocrx_word' id='word_1_29' title='bbox 970 353 1161 387; x_wconf 83' lang='lat' dir='ltr'>nocentes</span> <span class='ocrx_word' id='word_1_30' title='bbox 1182 348 1223 387; x_wconf 92' lang='lat' dir='ltr'>in</span> <span class='ocrx_word' id='word_1_31' title='bbox 1245 348 1428 397; x_wconf 89' lang='lat' dir='ltr'>medium,</span> <span class='ocrx_word' id='word_1_32' title='bbox 1449 354 1494 388; x_wconf 90' lang='lat' dir='ltr'>ut</span> <span class='ocrx_word' id='word_1_33' title='bbox 1512 349 1653 400; x_wconf 83' lang='lat' dir='ltr'>sciam,</span> 
     </span>
     <span class='ocr_line' id='line_1_5' title="bbox 213 403 1647 456; baseline 0.003 -14"><span class='ocrx_word' id='word_1_34' title='bbox 213 416 381 455; x_wconf 91' lang='lat' dir='ltr'>quorum</span> <span class='ocrx_word' id='word_1_35' title='bbox 403 403 597 456; x_wconf 86' lang='lat' dir='ltr'>capitibus</span> <span class='ocrx_word' id='word_1_36' title='bbox 617 403 756 443; x_wconf 89' lang='lat' dir='ltr'>debeat</span> <span class='ocrx_word' id='word_1_37' title='bbox 776 404 971 455; x_wconf 88' lang='lat' dir='ltr'>navigium</span> <span class='ocrx_word' id='word_1_38' title='bbox 994 404 1176 444; x_wconf 88' lang='lat' dir='ltr'>lustrari’.</span> <span class='ocrx_word' id='word_1_39' title='bbox 1218 403 1318 456; x_wconf 88' lang='lat' dir='ltr'>‘ego&#39;</span> <span class='ocrx_word' id='word_1_40' title='bbox 1340 404 1470 456; x_wconf 90' lang='lat' dir='ltr'>inquit</span> <span class='ocrx_word' id='word_1_41' title='bbox 1483 404 1647 447; x_wconf 80' lang='lat' dir='ltr'>Eumol·-</span> 
     </span>
     <span class='ocr_line' id='line_1_6' title="bbox 211 460 1658 514; baseline 0.001 -15"><span class='ocrx_word' id='word_1_42' title='bbox 211 473 287 512; x_wconf 88' lang='lat' dir='ltr'>pus</span> <span class='ocrx_word' id='word_1_43' title='bbox 317 461 405 500; x_wconf 81' lang='lat' dir='ltr'>‘hoc</span> <span class='ocrx_word' id='word_1_44' title='bbox 434 460 542 500; x_wconf 88' lang='lat' dir='ltr'>iussi.</span> <span class='ocrx_word' id='word_1_45' title='bbox 591 472 665 499; x_wconf 91' lang='lat' dir='ltr'>nec</span> <span class='ocrx_word' id='word_1_46' title='bbox 695 460 735 499; x_wconf 91' lang='lat' dir='ltr'>in</span> <span class='ocrx_word' id='word_1_47' title='bbox 767 460 905 500; x_wconf 89' lang='lat' dir='ltr'>eodem</span> <span class='ocrx_word' id='word_1_48' title='bbox 935 461 1093 501; x_wconf 82' lang='lat' dir='ltr'>futurus</span> <span class='ocrx_word' id='word_1_49' title='bbox 1122 461 1275 513; x_wconf 89' lang='lat' dir='ltr'>navigio</span> <span class='ocrx_word' id='word_1_50' title='bbox 1305 462 1524 514; x_wconf 84' lang='lat' dir='ltr'>auspicium</span> <span class='ocrx_word' id='word_1_51' title='bbox 1554 462 1658 503; x_wconf 91' lang='lat' dir='ltr'>mih</span> 
     </span>
     <span class='ocr_line' id='line_1_7' title="bbox 212 517 1639 571; baseline 0.002 -15"><span class='ocrx_word' id='word_1_52' title='bbox 212 517 306 565; x_wconf 83' lang='lat' dir='ltr'>feci,</span> <span class='ocrx_word' id='word_1_53' title='bbox 327 517 395 557; x_wconf 91' lang='lat' dir='ltr'>sed</span> <span class='ocrx_word' id='word_1_54' title='bbox 416 517 507 568; x_wconf 89' lang='lat' dir='ltr'>quia</span> <span class='ocrx_word' id='word_1_55' title='bbox 529 521 719 557; x_wconf 85' lang='lat' dir='ltr'>nocentes</span> <span class='ocrx_word' id='word_1_56' title='bbox 740 517 922 557; x_wconf 88' lang='lat' dir='ltr'>horridos</span> <span class='ocrx_word' id='word_1_57' title='bbox 941 517 1162 569; x_wconf 89' lang='lat' dir='ltr'>longosque</span> <span class='ocrx_word' id='word_1_58' title='bbox 1182 517 1382 558; x_wconf 90' lang='lat' dir='ltr'>habebant</span> <span class='ocrx_word' id='word_1_59' title='bbox 1401 518 1575 571; x_wconf 87' lang='lat' dir='ltr'>capillos,</span> <span class='ocrx_word' id='word_1_60' title='bbox 1597 532 1639 559; x_wconf 89' lang='grc'>11·</span> 
     </span>
     <span class='ocr_line' id='line_1_8' title="bbox 210 573 1650 626; baseline 0.002 -13"><span class='ocrx_word' id='word_1_61' title='bbox 210 573 364 613; x_wconf 85' lang='lat' dir='ltr'>viderer</span> <span class='ocrx_word' id='word_1_62' title='bbox 393 574 440 614; x_wconf 91' lang='lat' dir='ltr'>de</span> <span class='ocrx_word' id='word_1_63' title='bbox 471 586 567 614; x_wconf 89' lang='lat' dir='ltr'>nave</span> <span class='ocrx_word' id='word_1_64' title='bbox 597 585 795 613; x_wconf 82' lang='lat' dir='ltr'>carcerem</span> <span class='ocrx_word' id='word_1_65' title='bbox 826 574 976 625; x_wconf 82' lang='lat' dir='ltr'>facere,</span> <span class='ocrx_word' id='word_1_66' title='bbox 1008 575 1102 614; x_wconf 91' lang='lat' dir='ltr'>iussi</span> <span class='ocrx_word' id='word_1_67' title='bbox 1123 575 1344 626; x_wconf 86' lang='lat' dir='ltr'>squalorem</span> <span class='ocrx_word' id='word_1_68' title='bbox 1366 574 1559 615; x_wconf 85' lang='lat' dir='ltr'>damnatis</span> <span class='ocrx_word' id='word_1_69' title='bbox 1578 587 1650 616; x_wconf 82' lang='grc'>311-</span> 
     </span>
     <span class='ocr_line' id='line_1_9' title="bbox 212 630 1651 682; baseline -0.001 -13"><span class='ocrx_word' id='word_1_70' title='bbox 212 630 326 680; x_wconf 82' lang='lat' dir='ltr'>ferri3</span> <span class='ocrx_word' id='word_1_71' title='bbox 347 630 464 670; x_wconf 92' lang='lat' dir='ltr'>simul</span> <span class='ocrx_word' id='word_1_72' title='bbox 485 637 528 670; x_wconf 91' lang='lat' dir='ltr'>ut</span> <span class='ocrx_word' id='word_1_73' title='bbox 549 636 665 670; x_wconf 92' lang='lat' dir='ltr'>notae</span> <span class='ocrx_word' id='word_1_74' title='bbox 687 642 846 682; x_wconf 91' lang='lat' dir='ltr'>quoque</span> <span class='ocrx_word' id='word_1_75' title='bbox 862 631 1063 670; x_wconf 89' lang='lat' dir='ltr'>literarum</span> <span class='ocrx_word' id='word_1_76' title='bbox 1082 644 1163 670; x_wconf 92' lang='lat' dir='ltr'>non</span> <span class='ocrx_word' id='word_1_77' title='bbox 1180 631 1432 671; x_wconf 85' lang='lat' dir='ltr'>adumbratae</span> <span class='ocrx_word' id='word_1_78' title='bbox 1447 643 1651 672; x_wconf 63' lang='lat' dir='ltr'>comarum.</span> 
     </span>
     <span class='ocr_line' id='line_1_10' title="bbox 211 687 1647 741; baseline 0.002 -15"><span class='ocrx_word' id='word_1_79' title='bbox 211 687 406 739; x_wconf 89' lang='lat' dir='ltr'>praesidio</span> <span class='ocrx_word' id='word_1_80' title='bbox 427 693 531 727; x_wconf 87' lang='lat' dir='ltr'>totae</span> <span class='ocrx_word' id='word_1_81' title='bbox 551 688 597 726; x_wconf 90' lang='lat' dir='ltr'>ad</span> <span class='ocrx_word' id='word_1_82' title='bbox 621 687 758 726; x_wconf 90' lang='grc'>0011105</span> <span class='ocrx_word' id='word_1_83' title='bbox 778 687 994 739; x_wconf 91' lang='lat' dir='ltr'>legentium</span> <span class='ocrx_word' id='word_1_84' title='bbox 1010 687 1246 727; x_wconf 88' lang='lat' dir='ltr'>acciderent.</span> <span class='ocrx_word' id='word_1_85' title='bbox 1278 689 1384 728; x_wconf 88' lang='lat' dir='ltr'>inter</span> <span class='ocrx_word' id='word_1_86' title='bbox 1398 694 1527 728; x_wconf 88' lang='lat' dir='ltr'>cetera</span> <span class='ocrx_word' id='word_1_87' title='bbox 1543 688 1647 741; x_wconf 81' lang='lat' dir='ltr'>apud</span> 
     </span>
     <span class='ocr_line' id='line_1_11' title="bbox 213 744 1659 797; baseline 0.001 -14"><span class='ocrx_word' id='word_1_88' title='bbox 213 756 464 784; x_wconf 90' lang='lat' dir='ltr'>communem</span> <span class='ocrx_word' id='word_1_89' title='bbox 485 744 649 783; x_wconf 90' lang='lat' dir='ltr'>amicam</span> <span class='ocrx_word' id='word_1_90' title='bbox 670 750 1006 795; x_wconf 87' lang='lat' dir='ltr'>consumpserunt</span> <span class='ocrx_word' id='word_1_91' title='bbox 1026 745 1237 796; x_wconf 90' lang='lat' dir='ltr'>pecuniam</span> <span class='ocrx_word' id='word_1_92' title='bbox 1257 757 1404 793; x_wconf 90' lang='lat' dir='ltr'>meam,</span> <span class='ocrx_word' id='word_1_93' title='bbox 1425 757 1447 784; x_wconf 91' lang='lat' dir='ltr'>a</span> <span class='ocrx_word' id='word_1_94' title='bbox 1469 745 1659 797; x_wconf 50' lang='grc' dir='ltr'>1]11311·;ὲ</span> 
     </span>
     <span class='ocr_line' id='line_1_12' title="bbox 212 799 1659 854; baseline 0.002 -15"><span class='ocrx_word' id='word_1_95' title='bbox 212 800 389 852; x_wconf 86' lang='lat' dir='ltr'>proxima</span> <span class='ocrx_word' id='word_1_96' title='bbox 427 805 544 839; x_wconf 87' lang='lat' dir='ltr'>nocte</span> <span class='ocrx_word' id='word_1_97' title='bbox 575 799 725 839; x_wconf 84' lang='lat' dir='ltr'>extraxi</span> <span class='ocrx_word' id='word_1_98' title='bbox 765 812 875 839; x_wconf 90' lang='lat' dir='ltr'>mero</span> <span class='ocrx_word' id='word_1_99' title='bbox 907 801 1202 853; x_wconf 86' lang='lat' dir='ltr'>unguentisque</span> <span class='ocrx_word' id='word_1_100' title='bbox 1231 802 1426 854; x_wconf 83' lang='lat' dir='ltr'>perfusos.</span> <span class='ocrx_word' id='word_1_101' title='bbox 1464 802 1513 841; x_wconf 86' lang='lat' dir='ltr'>ad</span> <span class='ocrx_word' id='word_1_102' title='bbox 1541 814 1659 842; x_wconf 86' lang='lat' dir='ltr'>sum-</span> 
     </span>
     <span class='ocr_line' id='line_1_13' title="bbox 213 856 1176 909; baseline 0.002 -13"><span class='ocrx_word' id='word_1_103' title='bbox 213 869 336 905; x_wconf 88' lang='lat' dir='ltr'>mam,</span> <span class='ocrx_word' id='word_1_104' title='bbox 359 856 486 896; x_wconf 90' lang='lat' dir='ltr'>adhuc</span> <span class='ocrx_word' id='word_1_105' title='bbox 506 856 733 909; x_wconf 89' lang='lat' dir='ltr'>patrimonii</span> <span class='ocrx_word' id='word_1_106' title='bbox 753 857 831 896; x_wconf 90' lang='lat' dir='ltr'>mei</span> <span class='ocrx_word' id='word_1_107' title='bbox 851 857 1035 909; x_wconf 87' lang='lat' dir='ltr'>reliquias</span> <span class='ocrx_word' id='word_1_108' title='bbox 1055 858 1176 898; x_wconf 88' lang='lat' dir='ltr'>olent&#39;</span> 
     </span>
    </p>

    <p class='ocr_par' dir='ltr' id='par_1_3' title="bbox 924 928 946 952">
     <span class='ocr_line' id='line_1_14' title="bbox 924 928 946 952; baseline 0 -5"><span class='ocrx_word' id='word_1_109' title='bbox 924 928 946 952; x_wconf 79' lang='lat'><strong>*</strong></span> 
     </span>
    </p>

    <p class='ocr_par' dir='ltr' id='par_1_4' title="bbox 212 970 1716 2371">
     <span class='ocr_line' id='line_1_15' title="bbox 327 970 1660 1024; baseline 0.001 -15"><span class='ocrx_word' id='word_1_110' title='bbox 327 970 459 1021; x_wconf 88' lang='lat' dir='ltr'>itaque</span> <span class='ocrx_word' id='word_1_111' title='bbox 479 975 523 1009; x_wconf 92' lang='lat' dir='ltr'>ut</span> <span class='ocrx_word' id='word_1_112' title='bbox 543 970 663 1009; x_wconf 89' lang='lat' dir='ltr'>tutela</span> <span class='ocrx_word' id='word_1_113' title='bbox 685 970 794 1010; x_wconf 90' lang='lat' dir='ltr'>navis</span> <span class='ocrx_word' id='word_1_114' title='bbox 815 970 1061 1022; x_wconf 86' lang='lat' dir='ltr'>expiaretur,</span> <span class='ocrx_word' id='word_1_115' title='bbox 1092 970 1241 1022; x_wconf 86' lang='lat' dir='ltr'>placuit</span> <span class='ocrx_word' id='word_1_116' title='bbox 1261 972 1531 1024; x_wconf 84' lang='lat' dir='ltr'>quadragenas</span> <span class='ocrx_word' id='word_1_117' title='bbox 1551 971 1660 1013; x_wconf 73' lang='lat' dir='ltr'>utri-</span> 
     </span>
     <span class='ocr_line' id='line_1_16' title="bbox 214 1026 1659 1080; baseline 0.001 -14"><span class='ocrx_word' id='word_1_118' title='bbox 214 1039 291 1078; x_wconf 87' lang='lat' dir='ltr'>que</span> <span class='ocrx_word' id='word_1_119' title='bbox 321 1026 454 1079; x_wconf 85' lang='lat' dir='ltr'>plagas</span> <span class='ocrx_word' id='word_1_120' title='bbox 484 1027 647 1079; x_wconf 90' lang='lat' dir='ltr'>imponi.</span> <span class='ocrx_word' id='word_1_121' title='bbox 691 1026 796 1066; x_wconf 86' lang='lat' dir='ltr'>nulla</span> <span class='ocrx_word' id='word_1_122' title='bbox 826 1038 921 1079; x_wconf 88' lang='lat' dir='ltr'>ergo</span> <span class='ocrx_word' id='word_1_123' title='bbox 951 1028 995 1067; x_wconf 86' lang='lat' dir='ltr'>fit</span> <span class='ocrx_word' id='word_1_124' title='bbox 1025 1039 1154 1067; x_wconf 89' lang='lat' dir='ltr'>mora:</span> <span class='ocrx_word' id='word_1_125' title='bbox 1185 1027 1469 1080; x_wconf 88' lang='lat' dir='ltr'>aggrediuntur</span> <span class='ocrx_word' id='word_1_126' title='bbox 1494 1040 1568 1068; x_wconf 92' lang='grc'>1105</span> <span class='ocrx_word' id='word_1_127' title='bbox 1589 1028 1630 1068; x_wconf 82' lang='lat' dir='ltr'>fu</span> <span class='ocrx_word' id='word_1_128' title='bbox 1657 1051 1659 1053; x_wconf 89' lang='lat'><em>-</em></span> 
     </span>
     <span class='ocr_line' id='line_1_17' title="bbox 212 1083 1654 1137; baseline 0.001 -14"><span class='ocrx_word' id='word_1_129' title='bbox 212 1090 346 1123; x_wconf 89' lang='lat' dir='ltr'>rentes</span> <span class='ocrx_word' id='word_1_130' title='bbox 363 1088 505 1123; x_wconf 89' lang='lat' dir='ltr'>nautae</span> <span class='ocrx_word' id='word_1_131' title='bbox 521 1096 610 1123; x_wconf 92' lang='lat' dir='ltr'>cum</span> <span class='ocrx_word' id='word_1_132' title='bbox 626 1083 790 1123; x_wconf 86' lang='lat' dir='ltr'>funibus</span> <span class='ocrx_word' id='word_1_133' title='bbox 800 1089 1074 1136; x_wconf 86' lang='lat' dir='ltr'>temptantque</span> <span class='ocrx_word' id='word_1_134' title='bbox 1089 1084 1274 1124; x_wconf 90' lang='lat' dir='ltr'>vilissimo</span> <span class='ocrx_word' id='word_1_135' title='bbox 1284 1085 1478 1137; x_wconf 89' lang='lat' dir='ltr'>sanguine</span> <span class='ocrx_word' id='word_1_136' title='bbox 1488 1084 1654 1124; x_wconf 74' lang='lat' dir='ltr'>tutelamv</span> 
     </span>
     <span class='ocr_line' id='line_1_18' title="bbox 214 1140 1648 1193; baseline 0.001 -14"><span class='ocrx_word' id='word_1_137' title='bbox 214 1140 380 1193; x_wconf 90' lang='lat' dir='ltr'>placare.</span> <span class='ocrx_word' id='word_1_138' title='bbox 422 1146 461 1180; x_wconf 90' lang='lat' dir='ltr'>et</span> <span class='ocrx_word' id='word_1_139' title='bbox 490 1152 564 1192; x_wconf 89' lang='lat' dir='ltr'>ego</span> <span class='ocrx_word' id='word_1_140' title='bbox 595 1140 753 1192; x_wconf 92' lang='lat' dir='ltr'>quidem</span> <span class='ocrx_word' id='word_1_141' title='bbox 777 1146 857 1180; x_wconf 91' lang='lat' dir='ltr'>tres</span> <span class='ocrx_word' id='word_1_142' title='bbox 877 1140 1011 1192; x_wconf 85' lang='lat' dir='ltr'>plagas</span> <span class='ocrx_word' id='word_1_143' title='bbox 1032 1141 1223 1193; x_wconf 88' lang='lat' dir='ltr'>Spartana</span> <span class='ocrx_word' id='word_1_144' title='bbox 1245 1141 1449 1181; x_wconf 91' lang='lat' dir='ltr'>nobilitate</span> <span class='ocrx_word' id='word_1_145' title='bbox 1470 1141 1648 1182; x_wconf 86' lang='lat' dir='ltr'>concoxi.</span> 
     </span>
     <span class='ocr_line' id='line_1_19' title="bbox 213 1196 1658 1251; baseline -0.001 -15"><span class='ocrx_word' id='word_1_146' title='bbox 213 1202 391 1237; x_wconf 89' lang='lat' dir='ltr'>ceterum</span> <span class='ocrx_word' id='word_1_147' title='bbox 412 1196 530 1236; x_wconf 87' lang='lat' dir='ltr'>Giton</span> <span class='ocrx_word' id='word_1_148' title='bbox 553 1197 674 1236; x_wconf 90' lang='lat' dir='ltr'>semel</span> <span class='ocrx_word' id='word_1_149' title='bbox 703 1197 803 1236; x_wconf 89' lang='lat' dir='ltr'>ictus</span> <span class='ocrx_word' id='word_1_150' title='bbox 823 1203 901 1236; x_wconf 88' lang='lat' dir='ltr'>tam</span> <span class='ocrx_word' id='word_1_151' title='bbox 923 1197 1031 1236; x_wconf 90' lang='lat' dir='ltr'>valde</span> <span class='ocrx_word' id='word_1_152' title='bbox 1053 1198 1299 1246; x_wconf 88' lang='lat' dir='ltr'>exclamavit,</span> <span class='ocrx_word' id='word_1_153' title='bbox 1330 1204 1374 1238; x_wconf 94' lang='lat' dir='ltr'>ut</span> <span class='ocrx_word' id='word_1_154' title='bbox 1393 1198 1626 1251; x_wconf 84' lang='lat' dir='ltr'>Tryphaena</span> <span class='ocrx_word' id='word_1_155' title='bbox 1636 1216 1658 1247; x_wconf 43' lang='grc' dir='ltr'>ι,</span> 
     </span>
     <span class='ocr_line' id='line_1_20' title="bbox 213 1253 1650 1305; baseline 0.001 -12"><span class='ocrx_word' id='word_1_156' title='bbox 213 1265 328 1294; x_wconf 87' lang='lat' dir='ltr'>aures</span> <span class='ocrx_word' id='word_1_157' title='bbox 359 1253 562 1293; x_wconf 90' lang='lat' dir='ltr'>notissima</span> <span class='ocrx_word' id='word_1_158' title='bbox 591 1266 686 1293; x_wconf 90' lang='lat' dir='ltr'>voce</span> <span class='ocrx_word' id='word_1_159' title='bbox 716 1253 899 1305; x_wconf 86' lang='lat' dir='ltr'>repleret.</span> <span class='ocrx_word' id='word_1_160' title='bbox 949 1267 1030 1294; x_wconf 92' lang='lat' dir='ltr'>non</span> <span class='ocrx_word' id='word_1_161' title='bbox 1062 1254 1189 1294; x_wconf 87' lang='lat' dir='ltr'>solum</span> <span class='ocrx_word' id='word_1_162' title='bbox 1213 1267 1278 1294; x_wconf 91' lang='lat' dir='ltr'>era</span> <span class='ocrx_word' id='word_1_163' title='bbox 1299 1255 1453 1295; x_wconf 88' lang='lat' dir='ltr'>turbata</span> <span class='ocrx_word' id='word_1_164' title='bbox 1474 1260 1552 1303; x_wconf 90' lang='lat' dir='ltr'>est,</span> <span class='ocrx_word' id='word_1_165' title='bbox 1581 1253 1650 1295; x_wconf 82' lang='grc'>5011</span> 
     </span>
     <span class='ocr_line' id='line_1_21' title="bbox 214 1310 1660 1364; baseline 0.001 -14"><span class='ocrx_word' id='word_1_166' title='bbox 214 1310 378 1350; x_wconf 87' lang='lat' dir='ltr'>ancillae</span> <span class='ocrx_word' id='word_1_167' title='bbox 407 1310 523 1350; x_wconf 87' lang='lat' dir='ltr'>etiam</span> <span class='ocrx_word' id='word_1_168' title='bbox 555 1323 693 1350; x_wconf 91' lang='lat' dir='ltr'>omnes</span> <span class='ocrx_word' id='word_1_169' title='bbox 719 1310 898 1350; x_wconf 82' lang='lat' dir='ltr'>familiari</span> <span class='ocrx_word' id='word_1_170' title='bbox 919 1323 1020 1350; x_wconf 91' lang='lat' dir='ltr'>sono</span> <span class='ocrx_word' id='word_1_171' title='bbox 1041 1310 1224 1351; x_wconf 89' lang='lat' dir='ltr'>inductae</span> <span class='ocrx_word' id='word_1_172' title='bbox 1244 1311 1293 1351; x_wconf 93' lang='lat' dir='ltr'>ad</span> <span class='ocrx_word' id='word_1_173' title='bbox 1313 1311 1560 1364; x_wconf 85' lang='lat' dir='ltr'>vapulantem</span> <span class='ocrx_word' id='word_1_174' title='bbox 1581 1311 1660 1358; x_wconf 44' lang='lat' dir='ltr'>deq</span> 
     </span>
     <span class='ocr_line' id='line_1_22' title="bbox 214 1366 1661 1420; baseline 0.001 -14"><span class='ocrx_word' id='word_1_175' title='bbox 214 1372 395 1407; x_wconf 88' lang='lat' dir='ltr'>currunt.</span> <span class='ocrx_word' id='word_1_176' title='bbox 436 1367 511 1406; x_wconf 86' lang='lat' dir='ltr'>iam</span> <span class='ocrx_word' id='word_1_177' title='bbox 540 1366 658 1406; x_wconf 90' lang='lat' dir='ltr'>Giton</span> <span class='ocrx_word' id='word_1_178' title='bbox 691 1366 857 1406; x_wconf 90' lang='lat' dir='ltr'>mirabili</span> <span class='ocrx_word' id='word_1_179' title='bbox 887 1367 1012 1407; x_wconf 89' lang='lat' dir='ltr'>forma</span> <span class='ocrx_word' id='word_1_180' title='bbox 1044 1374 1310 1407; x_wconf 88' lang='lat' dir='ltr'>exarmaverat</span> <span class='ocrx_word' id='word_1_181' title='bbox 1340 1373 1479 1409; x_wconf 89' lang='lat' dir='ltr'>nautas</span> <span class='ocrx_word' id='word_1_182' title='bbox 1509 1379 1661 1420; x_wconf 87' lang='lat' dir='ltr'>coepe-</span> 
     </span>
     <span class='ocr_line' id='line_1_23' title="bbox 214 1423 1631 1478; baseline 0.001 -15"><span class='ocrx_word' id='word_1_183' title='bbox 214 1431 354 1475; x_wconf 86' lang='lat' dir='ltr'>ratque</span> <span class='ocrx_word' id='word_1_184' title='bbox 385 1424 500 1464; x_wconf 90' lang='lat' dir='ltr'>etiam</span> <span class='ocrx_word' id='word_1_185' title='bbox 531 1423 617 1463; x_wconf 90' lang='lat' dir='ltr'>sine</span> <span class='ocrx_word' id='word_1_186' title='bbox 647 1436 741 1463; x_wconf 91' lang='lat' dir='ltr'>voce</span> <span class='ocrx_word' id='word_1_187' title='bbox 771 1423 988 1464; x_wconf 86' lang='lat' dir='ltr'>saevientes</span> <span class='ocrx_word' id='word_1_188' title='bbox 1015 1436 1177 1476; x_wconf 88' lang='lat' dir='ltr'>rogare,</span> <span class='ocrx_word' id='word_1_189' title='bbox 1208 1437 1299 1464; x_wconf 89' lang='lat' dir='ltr'>cum</span> <span class='ocrx_word' id='word_1_190' title='bbox 1320 1425 1484 1465; x_wconf 89' lang='lat' dir='ltr'>ancillae</span> <span class='ocrx_word' id='word_1_191' title='bbox 1504 1425 1631 1478; x_wconf 86' lang='lat' dir='ltr'>parite</span> 
     </span>
     <span class='ocr_line' id='line_1_24' title="bbox 213 1479 1659 1532; baseline -0.001 -13"><span class='ocrx_word' id='word_1_192' title='bbox 213 1480 479 1532; x_wconf 85' lang='lat' dir='ltr'>proclamant:</span> <span class='ocrx_word' id='word_1_193' title='bbox 519 1479 648 1520; x_wconf 90' lang='lat' dir='ltr'>‘Giton</span> <span class='ocrx_word' id='word_1_194' title='bbox 681 1486 759 1528; x_wconf 87' lang='lat' dir='ltr'>est,</span> <span class='ocrx_word' id='word_1_195' title='bbox 792 1479 932 1529; x_wconf 89' lang='lat' dir='ltr'>Giton,</span> <span class='ocrx_word' id='word_1_196' title='bbox 964 1480 1139 1521; x_wconf 87' lang='lat' dir='ltr'>inhibete</span> <span class='ocrx_word' id='word_1_197' title='bbox 1171 1481 1460 1522; x_wconf 88' lang='lat' dir='ltr'>crudelissimas</span> <span class='ocrx_word' id='word_1_198' title='bbox 1490 1493 1631 1522; x_wconf 84' lang='lat' dir='ltr'>manus</span> <span class='ocrx_word' id='word_1_199' title='bbox 1650 1483 1659 1518; x_wconf 77' lang='grc' dir='ltr'>,ζ</span> 
     </span>
     <span class='ocr_line' id='line_1_25' title="bbox 215 1536 1659 1591; baseline 0.001 -14"><span class='ocrx_word' id='word_1_200' title='bbox 215 1537 334 1577; x_wconf 89' lang='lat' dir='ltr'>Giton</span> <span class='ocrx_word' id='word_1_201' title='bbox 365 1543 445 1585; x_wconf 88' lang='lat' dir='ltr'>est,</span> <span class='ocrx_word' id='word_1_202' title='bbox 482 1536 662 1584; x_wconf 88' lang='lat' dir='ltr'>domina,</span> <span class='ocrx_word' id='word_1_203' title='bbox 693 1536 907 1576; x_wconf 88' lang='lat' dir='ltr'>succurre&#39;.</span> <span class='ocrx_word' id='word_1_204' title='bbox 968 1538 1139 1578; x_wconf 88' lang='lat' dir='ltr'>deflectit</span> <span class='ocrx_word' id='word_1_205' title='bbox 1168 1550 1283 1578; x_wconf 90' lang='lat' dir='ltr'>aures</span> <span class='ocrx_word' id='word_1_206' title='bbox 1313 1538 1546 1591; x_wconf 85' lang='lat' dir='ltr'>Tryphaena</span> <span class='ocrx_word' id='word_1_207' title='bbox 1575 1538 1610 1578; x_wconf 92' lang='lat' dir='ltr'>ia</span> <span class='ocrx_word' id='word_1_208' title='bbox 1649 1558 1659 1578; x_wconf 64' lang='grc' dir='ltr'>ι</span> 
     </span>
     <span class='ocr_line' id='line_1_26' title="bbox 214 1593 1711 1663; baseline 0.001 -29"><span class='ocrx_word' id='word_1_209' title='bbox 214 1606 286 1634; x_wconf 89' lang='grc'>5113</span> <span class='ocrx_word' id='word_1_210' title='bbox 325 1599 469 1646; x_wconf 89' lang='lat' dir='ltr'>sponte</span> <span class='ocrx_word' id='word_1_211' title='bbox 510 1594 716 1633; x_wconf 85' lang='lat' dir='ltr'>credentes</span> <span class='ocrx_word' id='word_1_212' title='bbox 746 1593 969 1646; x_wconf 88' lang='lat' dir='ltr'>raptimque</span> <span class='ocrx_word' id='word_1_213' title='bbox 999 1594 1046 1633; x_wconf 90' lang='lat' dir='ltr'>ad</span> <span class='ocrx_word' id='word_1_214' title='bbox 1075 1607 1244 1647; x_wconf 88' lang='lat' dir='ltr'>puerum</span> <span class='ocrx_word' id='word_1_215' title='bbox 1275 1595 1439 1635; x_wconf 89' lang='lat' dir='ltr'>devolat.</span> <span class='ocrx_word' id='word_1_216' title='bbox 1499 1595 1652 1644; x_wconf 69' lang='lat' dir='ltr'>Lichas.</span> <span class='ocrx_word' id='word_1_217' title='bbox 1705 1606 1711 1663; x_wconf 44' lang='grc' dir='ltr'>ζ’</span> 
     </span>
     <span class='ocr_line' id='line_1_27' title="bbox 216 1650 1659 1703; baseline 0.002 -14"><span class='ocrx_word' id='word_1_218' title='bbox 216 1651 283 1703; x_wconf 93' lang='lat' dir='ltr'>qui</span> <span class='ocrx_word' id='word_1_219' title='bbox 304 1663 366 1690; x_wconf 91' lang='lat' dir='ltr'>me</span> <span class='ocrx_word' id='word_1_220' title='bbox 387 1650 535 1702; x_wconf 92' lang='lat' dir='ltr'>optime</span> <span class='ocrx_word' id='word_1_221' title='bbox 557 1656 730 1698; x_wconf 84' lang='lat' dir='ltr'>noverat,</span> <span class='ocrx_word' id='word_1_222' title='bbox 752 1656 941 1702; x_wconf 88' lang='lat' dir='ltr'>tanquam</span> <span class='ocrx_word' id='word_1_223' title='bbox 962 1656 1000 1690; x_wconf 89' lang='lat' dir='ltr'>et</span> <span class='ocrx_word' id='word_1_224' title='bbox 1019 1651 1104 1703; x_wconf 90' lang='lat' dir='ltr'>ipse</span> <span class='ocrx_word' id='word_1_225' title='bbox 1124 1664 1261 1691; x_wconf 89' lang='lat' dir='ltr'>vocem</span> <span class='ocrx_word' id='word_1_226' title='bbox 1279 1652 1463 1701; x_wconf 83' lang='lat' dir='ltr'>audisset,</span> <span class='ocrx_word' id='word_1_227' title='bbox 1484 1663 1604 1692; x_wconf 87' lang='lat' dir='ltr'>accur</span> <span class='ocrx_word' id='word_1_228' title='bbox 1626 1650 1635 1660; x_wconf 82' lang='lat'><strong>‘</strong></span> <span class='ocrx_word' id='word_1_229' title='bbox 1648 1662 1659 1681; x_wconf 66' lang='lat'>0&lt;</span> 
     </span>
     <span class='ocr_line' id='line_1_28' title="bbox 215 1707 1655 1757; baseline 0.002 -11"><span class='ocrx_word' id='word_1_230' title='bbox 215 1714 255 1747; x_wconf 93' lang='lat' dir='ltr'>et</span> <span class='ocrx_word' id='word_1_231' title='bbox 285 1719 359 1747; x_wconf 89' lang='lat' dir='ltr'>nec</span> <span class='ocrx_word' id='word_1_232' title='bbox 389 1719 531 1747; x_wconf 88' lang='lat' dir='ltr'>manus</span> <span class='ocrx_word' id='word_1_233' title='bbox 560 1719 635 1746; x_wconf 91' lang='lat' dir='ltr'>nec</span> <span class='ocrx_word' id='word_1_234' title='bbox 665 1707 803 1747; x_wconf 86' lang='lat' dir='ltr'>faciem</span> <span class='ocrx_word' id='word_1_235' title='bbox 833 1719 959 1747; x_wconf 90' lang='lat' dir='ltr'>meam</span> <span class='ocrx_word' id='word_1_236' title='bbox 990 1708 1274 1757; x_wconf 90' lang='lat' dir='ltr'>consideravit,</span> <span class='ocrx_word' id='word_1_237' title='bbox 1304 1709 1373 1749; x_wconf 90' lang='lat' dir='ltr'>sed</span> <span class='ocrx_word' id='word_1_238' title='bbox 1394 1709 1655 1749; x_wconf 36' lang='grc'>0011111111011,1</span> 
     </span>
     <span class='ocr_line' id='line_1_29' title="bbox 216 1763 1656 1816; baseline 0.002 -13"><span class='ocrx_word' id='word_1_239' title='bbox 216 1764 379 1816; x_wconf 87' lang='lat' dir='ltr'>inguina</span> <span class='ocrx_word' id='word_1_240' title='bbox 399 1776 485 1803; x_wconf 88' lang='lat' dir='ltr'>mea</span> <span class='ocrx_word' id='word_1_241' title='bbox 506 1763 722 1804; x_wconf 90' lang='lat' dir='ltr'>luminibus</span> <span class='ocrx_word' id='word_1_242' title='bbox 742 1763 901 1804; x_wconf 85' lang='lat' dir='ltr'>deflexis</span> <span class='ocrx_word' id='word_1_243' title='bbox 921 1765 1042 1804; x_wconf 88' lang='lat' dir='ltr'>movit</span> <span class='ocrx_word' id='word_1_244' title='bbox 1063 1765 1277 1805; x_wconf 84' lang='lat' dir='ltr'>officiosam</span> <span class='ocrx_word' id='word_1_245' title='bbox 1293 1777 1454 1805; x_wconf 90' lang='lat' dir='ltr'>manum</span> <span class='ocrx_word' id='word_1_246' title='bbox 1471 1771 1511 1805; x_wconf 91' lang='lat' dir='ltr'>et</span> <span class='ocrx_word' id='word_1_247' title='bbox 1526 1763 1656 1806; x_wconf 78' lang='lat' dir='ltr'>‘salve&#39;</span> 
     </span>
     <span class='ocr_line' id='line_1_30' title="bbox 216 1820 1526 1873; baseline 0.002 -13"><span class='ocrx_word' id='word_1_248' title='bbox 216 1821 347 1872; x_wconf 92' lang='lat' dir='ltr'>inquit</span> <span class='ocrx_word' id='word_1_249' title='bbox 377 1820 583 1872; x_wconf 87' lang='lat' dir='ltr'>‘Encolpi&#39;.</span> <span class='ocrx_word' id='word_1_250' title='bbox 642 1820 809 1860; x_wconf 88' lang='lat' dir='ltr'>miretur</span> <span class='ocrx_word' id='word_1_251' title='bbox 852 1833 961 1860; x_wconf 90' lang='lat' dir='ltr'>nunc</span> <span class='ocrx_word' id='word_1_252' title='bbox 1001 1821 1141 1873; x_wconf 90' lang='lat' dir='ltr'>aliquis</span> <span class='ocrx_word' id='word_1_253' title='bbox 1170 1821 1291 1862; x_wconf 85' lang='lat' dir='ltr'>Vlixis</span> <span class='ocrx_word' id='word_1_254' title='bbox 1330 1822 1526 1862; x_wconf 88' lang='lat' dir='ltr'>nutricem</span> 
     </span>
     <span class='ocr_line' id='line_1_31' title="bbox 217 1877 1661 1931; baseline 0.002 -15"><span class='ocrx_word' id='word_1_255' title='bbox 217 1877 444 1918; x_wconf 88' lang='lat' dir='ltr'>vicesimum</span> <span class='ocrx_word' id='word_1_256' title='bbox 474 1889 623 1916; x_wconf 91' lang='lat' dir='ltr'>annum</span> <span class='ocrx_word' id='word_1_257' title='bbox 655 1877 879 1916; x_wconf 88' lang='lat' dir='ltr'>cicatricem</span> <span class='ocrx_word' id='word_1_258' title='bbox 908 1877 1106 1918; x_wconf 90' lang='lat' dir='ltr'>invenisse</span> <span class='ocrx_word' id='word_1_259' title='bbox 1136 1878 1302 1931; x_wconf 89' lang='lat' dir='ltr'>originis</span> <span class='ocrx_word' id='word_1_260' title='bbox 1330 1878 1522 1928; x_wconf 89' lang='lat' dir='ltr'>indicem,</span> <span class='ocrx_word' id='word_1_261' title='bbox 1563 1889 1661 1920; x_wconf 50' lang='lat' dir='ltr'>cust</span> 
     </span>
     <span class='ocr_line' id='line_1_32' title="bbox 217 1925 1635 1987; baseline 0.001 -13"><span class='ocrx_word' id='word_1_262' title='bbox 217 1935 336 1974; x_wconf 92' lang='lat' dir='ltr'>homo</span> <span class='ocrx_word' id='word_1_263' title='bbox 366 1933 697 1986; x_wconf 87' lang='lat' dir='ltr'>prudentissimus</span> <span class='ocrx_word' id='word_1_264' title='bbox 728 1934 902 1974; x_wconf 81' lang='lat' dir='ltr'>confusis</span> <span class='ocrx_word' id='word_1_265' title='bbox 933 1934 1119 1975; x_wconf 91' lang='lat' dir='ltr'>omnibus</span> <span class='ocrx_word' id='word_1_266' title='bbox 1149 1935 1328 1987; x_wconf 89' lang='lat' dir='ltr'>corporis</span> <span class='ocrx_word' id='word_1_267' title='bbox 1352 1925 1511 1987; x_wconf 74' lang='lat' dir='ltr'>orisque</span> <span class='ocrx_word' id='word_1_268' title='bbox 1530 1935 1659 1976; x_wconf 49' lang='lat' dir='ltr'>linas</span> 
     </span>
     <span class='ocr_line' id='line_1_33' title="bbox 218 1990 1653 2044; baseline 0.002 -15"><span class='ocrx_word' id='word_1_269' title='bbox 218 1991 362 2030; x_wconf 91' lang='lat' dir='ltr'>mentis</span> <span class='ocrx_word' id='word_1_270' title='bbox 403 1990 450 2030; x_wconf 89' lang='lat' dir='ltr'>ad</span> <span class='ocrx_word' id='word_1_271' title='bbox 481 1990 642 2030; x_wconf 90' lang='lat' dir='ltr'>unicum</span> <span class='ocrx_word' id='word_1_272' title='bbox 674 1990 823 2042; x_wconf 85' lang='lat' dir='ltr'>fugitivi</span> <span class='ocrx_word' id='word_1_273' title='bbox 853 1997 1127 2043; x_wconf 86' lang='lat' dir='ltr'>argumentum</span> <span class='ocrx_word' id='word_1_274' title='bbox 1158 1997 1237 2030; x_wconf 89' lang='lat' dir='ltr'>tam</span> <span class='ocrx_word' id='word_1_275' title='bbox 1269 1992 1385 2031; x_wconf 92' lang='lat' dir='ltr'>docte</span> <span class='ocrx_word' id='word_1_276' title='bbox 1414 1992 1653 2044; x_wconf 81' lang='lat' dir='ltr'>pervenerit.</span> 
     </span>
     <span class='ocr_line' id='line_1_34' title="bbox 218 2047 1651 2101; baseline 0.002 -15"><span class='ocrx_word' id='word_1_277' title='bbox 218 2047 451 2100; x_wconf 84' lang='lat' dir='ltr'>Tryphaena</span> <span class='ocrx_word' id='word_1_278' title='bbox 482 2047 660 2087; x_wconf 91' lang='lat' dir='ltr'>lacrimas</span> <span class='ocrx_word' id='word_1_279' title='bbox 691 2047 828 2087; x_wconf 80' lang='lat' dir='ltr'>effudit</span> <span class='ocrx_word' id='word_1_280' title='bbox 848 2047 1010 2100; x_wconf 90' lang='lat' dir='ltr'>decepta</span> <span class='ocrx_word' id='word_1_281' title='bbox 1030 2047 1225 2100; x_wconf 89' lang='lat' dir='ltr'>supplicio</span> <span class='ocrx_word' id='word_1_282' title='bbox 1246 2071 1301 2078; x_wconf 90' lang='lat'>—-</span> <span class='ocrx_word' id='word_1_283' title='bbox 1321 2061 1412 2089; x_wconf 86' lang='lat' dir='ltr'>vera</span> <span class='ocrx_word' id='word_1_284' title='bbox 1432 2049 1539 2089; x_wconf 90' lang='lat' dir='ltr'>enim</span> <span class='ocrx_word' id='word_1_285' title='bbox 1558 2049 1651 2101; x_wconf 58' lang='lat' dir='ltr'>stig:</span> 
     </span>
     <span class='ocr_line' id='line_1_35' title="bbox 218 2103 1631 2158; baseline 0 -15"><span class='ocrx_word' id='word_1_286' title='bbox 218 2112 322 2143; x_wconf 86' lang='lat' dir='ltr'>mata</span> <span class='ocrx_word' id='word_1_287' title='bbox 361 2103 547 2144; x_wconf 89' lang='lat' dir='ltr'>credebat</span> <span class='ocrx_word' id='word_1_288' title='bbox 576 2103 819 2156; x_wconf 87' lang='lat' dir='ltr'>captivorum</span> <span class='ocrx_word' id='word_1_289' title='bbox 851 2104 1049 2145; x_wconf 84' lang='lat' dir='ltr'>frontibus</span> <span class='ocrx_word' id='word_1_290' title='bbox 1079 2104 1269 2157; x_wconf 89' lang='lat' dir='ltr'>impressa</span> <span class='ocrx_word' id='word_1_291' title='bbox 1300 2128 1355 2134; x_wconf 91' lang='lat'>—-</span> <span class='ocrx_word' id='word_1_292' title='bbox 1384 2105 1661 2158; x_wconf 84' lang='lat' dir='ltr'>sciscitariqu</span> 
     </span>
     <span class='ocr_line' id='line_1_36' title="bbox 218 2160 1659 2214; baseline 0.002 -14"><span class='ocrx_word' id='word_1_293' title='bbox 218 2160 451 2200; x_wconf 87' lang='lat' dir='ltr'>submissius</span> <span class='ocrx_word' id='word_1_294' title='bbox 481 2160 634 2213; x_wconf 90' lang='lat' dir='ltr'>coepit,</span> <span class='ocrx_word' id='word_1_295' title='bbox 665 2161 771 2212; x_wconf 89' lang='lat' dir='ltr'>quod</span> <span class='ocrx_word' id='word_1_296' title='bbox 803 2161 1042 2213; x_wconf 86' lang='lat' dir='ltr'>ergastulum</span> <span class='ocrx_word' id='word_1_297' title='bbox 1064 2161 1339 2214; x_wconf 88' lang='lat' dir='ltr'>intercepisset</span> <span class='ocrx_word' id='word_1_298' title='bbox 1358 2167 1557 2211; x_wconf 89' lang='lat' dir='ltr'>errantes,</span> <span class='ocrx_word' id='word_1_299' title='bbox 1586 2174 1627 2202; x_wconf 86' lang='grc'>3</span> <span class='ocrx_word' id='word_1_300' title='bbox 1649 2176 1659 2188; x_wconf 49' lang='lat' dir='ltr'><strong>f</strong></span> 
     </span>
     <span class='ocr_line' id='line_1_37' title="bbox 218 2217 1716 2271; baseline -0.001 -15"><span class='ocrx_word' id='word_1_301' title='bbox 218 2217 330 2257; x_wconf 92' lang='lat' dir='ltr'>cuius</span> <span class='ocrx_word' id='word_1_302' title='bbox 350 2224 428 2257; x_wconf 88' lang='lat' dir='ltr'>tam</span> <span class='ocrx_word' id='word_1_303' title='bbox 450 2217 630 2257; x_wconf 89' lang='lat' dir='ltr'>crudeles</span> <span class='ocrx_word' id='word_1_304' title='bbox 647 2229 786 2257; x_wconf 90' lang='lat' dir='ltr'>manus</span> <span class='ocrx_word' id='word_1_305' title='bbox 802 2217 840 2256; x_wconf 89' lang='lat' dir='ltr'>in</span> <span class='ocrx_word' id='word_1_306' title='bbox 858 2218 935 2257; x_wconf 92' lang='lat' dir='ltr'>hoc</span> <span class='ocrx_word' id='word_1_307' title='bbox 958 2217 1195 2271; x_wconf 89' lang='lat' dir='ltr'>supplicium</span> <span class='ocrx_word' id='word_1_308' title='bbox 1217 2218 1436 2259; x_wconf 84' lang='lat' dir='ltr'>durassent.</span> <span class='ocrx_word' id='word_1_309' title='bbox 1466 2219 1660 2260; x_wconf 22' lang='lat' dir='ltr'>merui&amp;</span> <span class='ocrx_word' id='word_1_310' title='bbox 1712 2227 1716 2254; x_wconf 69' lang='grc' dir='ltr'><strong>ι</strong></span> 
     </span>
     <span class='ocr_line' id='line_1_38' title="bbox 219 2273 1662 2327; baseline 0.002 -14"><span class='ocrx_word' id='word_1_311' title='bbox 219 2274 376 2325; x_wconf 91' lang='lat' dir='ltr'>quidem</span> <span class='ocrx_word' id='word_1_312' title='bbox 408 2273 687 2313; x_wconf 89' lang='lat' dir='ltr'>contumeliam</span> <span class='ocrx_word' id='word_1_313' title='bbox 717 2274 885 2326; x_wconf 90' lang='lat' dir='ltr'>aliquam</span> <span class='ocrx_word' id='word_1_314' title='bbox 915 2274 1118 2326; x_wconf 85' lang='lat' dir='ltr'>fugitivos,</span> <span class='ocrx_word' id='word_1_315' title='bbox 1151 2275 1294 2327; x_wconf 89' lang='lat' dir='ltr'>quibus</span> <span class='ocrx_word' id='word_1_316' title='bbox 1323 2275 1365 2315; x_wconf 92' lang='lat' dir='ltr'>in</span> <span class='ocrx_word' id='word_1_317' title='bbox 1395 2275 1528 2317; x_wconf 91' lang='lat' dir='ltr'>odium</span> <span class='ocrx_word' id='word_1_318' title='bbox 1548 2274 1662 2318; x_wconf 59' lang='lat' dir='ltr'>bos</span> 
     </span>
     <span class='ocr_line' id='line_1_39' title="bbox 214 2330 1662 2371; baseline 0.001 -1"><span class='ocrx_word' id='word_1_319' title='bbox 214 2342 284 2370; x_wconf 89' lang='lat' dir='ltr'>sua</span> <span class='ocrx_word' id='word_1_320' title='bbox 302 2330 502 2371; x_wconf 88' lang='lat' dir='ltr'>venissent</span> <span class='ocrx_word' id='word_1_321' title='bbox 1639 2340 1643 2365; x_wconf 78' lang='grc' dir='ltr'>ἔ</span> <span class='ocrx_word' id='word_1_322' title='bbox 1659 2358 1662 2364; x_wconf 88' lang='lat'><em>·</em></span> 
     </span>
    </p>

    <p class='ocr_par' dir='ltr' id='par_1_5' title="bbox 106 2385 1662 2560">
     <span class='ocr_line' id='line_1_40' title="bbox 106 2386 1641 2440; baseline -0.003 -13"><span class='ocrx_word' id='word_1_323' title='bbox 106 2387 185 2427; x_wconf 89' lang='grc'>106</span> <span class='ocrx_word' id='word_1_324' title='bbox 221 2387 441 2426; x_wconf 88' lang='lat' dir='ltr'>concitatus</span> <span class='ocrx_word' id='word_1_325' title='bbox 479 2387 680 2427; x_wconf 88' lang='lat' dir='ltr'>iracundia</span> <span class='ocrx_word' id='word_1_326' title='bbox 710 2386 880 2439; x_wconf 89' lang='lat' dir='ltr'>prosiliit</span> <span class='ocrx_word' id='word_1_327' title='bbox 908 2386 1049 2427; x_wconf 90' lang='lat' dir='ltr'>Lichas</span> <span class='ocrx_word' id='word_1_328' title='bbox 1079 2393 1118 2427; x_wconf 90' lang='lat' dir='ltr'>et</span> <span class='ocrx_word' id='word_1_329' title='bbox 1148 2390 1183 2427; x_wconf 85' lang='lat' dir='ltr'>‘o</span> <span class='ocrx_word' id='word_1_330' title='bbox 1214 2388 1266 2428; x_wconf 90' lang='lat' dir='ltr'>te&#39;</span> <span class='ocrx_word' id='word_1_331' title='bbox 1296 2388 1427 2440; x_wconf 89' lang='lat' dir='ltr'>inquit</span> <span class='ocrx_word' id='word_1_332' title='bbox 1457 2387 1603 2428; x_wconf 75' lang='lat' dir='ltr'>‘femin¹</span> <span class='ocrx_word' id='word_1_333' title='bbox 1625 2404 1641 2422; x_wconf 49' lang='grc' dir='ltr'>ει</span> 
     </span>
     <span class='ocr_line' id='line_1_41' title="bbox 219 2443 1661 2496; baseline 0.001 -13"><span class='ocrx_word' id='word_1_334' title='bbox 219 2443 459 2494; x_wconf 80' lang='lat' dir='ltr'>simplicem,</span> <span class='ocrx_word' id='word_1_335' title='bbox 501 2450 687 2495; x_wconf 88' lang='lat' dir='ltr'>tanquam</span> <span class='ocrx_word' id='word_1_336' title='bbox 717 2444 879 2483; x_wconf 87' lang='lat' dir='ltr'>vulnera</span> <span class='ocrx_word' id='word_1_337' title='bbox 909 2444 1016 2483; x_wconf 84' lang='lat' dir='ltr'>ferro</span> <span class='ocrx_word' id='word_1_338' title='bbox 1046 2450 1275 2496; x_wconf 88' lang='lat' dir='ltr'>praeparata</span> <span class='ocrx_word' id='word_1_339' title='bbox 1307 2445 1438 2486; x_wconf 88' lang='lat' dir='ltr'>literas</span> <span class='ocrx_word' id='word_1_340' title='bbox 1466 2443 1661 2485; x_wconf 83' lang='lat' dir='ltr'>hiberin</span> 
     </span>
     <span class='ocr_line' id='line_1_42' title="bbox 220 2499 1662 2560; baseline 0.003 -22"><span class='ocrx_word' id='word_1_341' title='bbox 220 2499 370 2539; x_wconf 89' lang='lat' dir='ltr'>utinam</span> <span class='ocrx_word' id='word_1_342' title='bbox 398 2500 553 2551; x_wconf 90' lang='lat' dir='ltr'>quidem</span> <span class='ocrx_word' id='word_1_343' title='bbox 575 2501 648 2539; x_wconf 88' lang='lat' dir='ltr'>hac</span> <span class='ocrx_word' id='word_1_344' title='bbox 668 2513 709 2540; x_wconf 94' lang='lat' dir='ltr'>se</span> <span class='ocrx_word' id='word_1_345' title='bbox 731 2500 988 2552; x_wconf 88' lang='lat' dir='ltr'>inscriptione</span> <span class='ocrx_word' id='word_1_346' title='bbox 1010 2500 1152 2541; x_wconf 86' lang='lat' dir='ltr'>frontis</span> <span class='ocrx_word' id='word_1_347' title='bbox 1173 2501 1454 2542; x_wconf 88' lang='lat' dir='ltr'>maculassent:</span> <span class='ocrx_word' id='word_1_348' title='bbox 1484 2500 1608 2543; x_wconf 85' lang='lat' dir='ltr'>haber</span> <span class='ocrx_word' id='word_1_349' title='bbox 1617 2504 1662 2560; x_wconf 63' lang='lat'>2&lt;</span> 
     </span>
    </p>
   </div>
   <div class='ocr_carea' id='block_1_3' title="bbox 1651 541 1728 2886">
    <p class='ocr_par' dir='ltr' id='par_1_6' title="bbox 1651 541 1728 2886">
     <span class='ocr_line' id='line_1_43' title="bbox 1651 541 1728 1447; baseline 0 -164"><span class='ocrx_word' id='word_1_350' title='bbox 1651 541 1728 1447; x_wconf 95' lang='lat' dir='ltr'>     </span> 
     </span>
     <span class='ocr_line' id='line_1_44' title="bbox 1651 1447 1728 2071; baseline 0 -108"><span class='ocrx_word' id='word_1_351' title='bbox 1651 1447 1728 2071; x_wconf 95' lang='lat' dir='ltr'>     </span> 
     </span>
     <span class='ocr_line' id='line_1_45' title="bbox 1651 2071 1728 2886; baseline 0 -528"><span class='ocrx_word' id='word_1_352' title='bbox 1651 2071 1728 2886; x_wconf 95' lang='lat' dir='ltr'>   </span> 
     </span>
    </p>
   </div>
   <div class='ocr_carea' id='block_1_4' title="bbox 220 2579 1713 2679">
    <p class='ocr_par' dir='ltr' id='par_1_7' title="bbox 220 2579 1713 2679">
     <span class='ocr_line' id='line_1_46' title="bbox 334 2579 1713 2635; baseline 0.001 -15"><span class='ocrx_word' id='word_1_353' title='bbox 334 2589 354 2620; x_wconf 83' lang='lat'>5</span> <span class='ocrx_word' id='word_1_354' title='bbox 381 2597 442 2620; x_wconf 91' lang='lat' dir='ltr'>nec</span> <span class='ocrx_word' id='word_1_355' title='bbox 460 2598 527 2622; x_wconf 92' lang='lat' dir='ltr'>non</span> <span class='ocrx_word' id='word_1_356' title='bbox 545 2588 665 2622; x_wconf 89' lang='lat' dir='ltr'>eodem</span> <span class='ocrx_word' id='word_1_357' title='bbox 684 2589 696 2632; x_wconf 78' lang='grc' dir='ltr'>ΙΙ</span> <span class='ocrx_word' id='word_1_358' title='bbox 713 2589 732 2622; x_wconf 87' lang='grc'>8</span> <span class='ocrx_word' id='word_1_359' title='bbox 749 2587 904 2628; x_wconf 75' lang='lat' dir='ltr'>fortasse</span> <span class='ocrx_word' id='word_1_360' title='bbox 921 2588 1142 2623; x_wconf 83' lang='lat' dir='ltr'>obumbratae</span> <span class='ocrx_word' id='word_1_361' title='bbox 1169 2590 1181 2632; x_wconf 83' lang='grc' dir='ltr'>ΙΙ</span> <span class='ocrx_word' id='word_1_362' title='bbox 1207 2591 1248 2627; x_wconf 87' lang='grc'>18</span> <span class='ocrx_word' id='word_1_363' title='bbox 1274 2590 1385 2624; x_wconf 84' lang='grc'>50111111</span> <span class='ocrx_word' id='word_1_364' title='bbox 1403 2599 1485 2633; x_wconf 76' lang='lat' dir='ltr'>ergo</span> <span class='ocrx_word' id='word_1_365' title='bbox 1501 2588 1516 2635; x_wconf 76' lang='grc' dir='ltr'>Ι</span> <span class='ocrx_word' id='word_1_366' title='bbox 1533 2590 1576 2624; x_wconf 85' lang='grc'>30</span> <span class='ocrx_word' id='word_1_367' title='bbox 1591 2579 1658 2623; x_wconf 55' lang='grc' dir='ltr'>1ιῖᾏΔ</span> <span class='ocrx_word' id='word_1_368' title='bbox 1707 2604 1713 2619; x_wconf 65' lang='lat'>2</span> 
     </span>
     <span class='ocr_line' id='line_1_47' title="bbox 220 2631 1712 2679; baseline -0.009 -13"><span class='ocrx_word' id='word_1_369' title='bbox 220 2631 505 2676; x_wconf 85' lang='lat' dir='ltr'>prudentissimus</span> <span class='ocrx_word' id='word_1_370' title='bbox 531 2633 728 2677; x_wconf 78' lang='lat' dir='ltr'>Scioppius,</span> <span class='ocrx_word' id='word_1_371' title='bbox 754 2634 1019 2678; x_wconf 84' lang='lat' dir='ltr'>pudentissimus</span> <span class='ocrx_word' id='word_1_372' title='bbox 1036 2634 1158 2668; x_wconf 79' lang='lat' dir='ltr'>Dousa</span> <span class='ocrx_word' id='word_1_373' title='bbox 1179 2634 1185 2679; x_wconf 89' lang='grc' dir='ltr'>Ι</span> <span class='ocrx_word' id='word_1_374' title='bbox 1207 2635 1360 2679; x_wconf 74' lang='lat' dir='ltr'>corporis</span> <span class='ocrx_word' id='word_1_375' title='bbox 1383 2632 1656 2679; x_wconf 69' lang='lat' dir='ltr'>jndiciommq·</span> <span class='ocrx_word' id='word_1_376' title='bbox 1708 2649 1712 2652; x_wconf 75' lang='grc'>,</span> 
     </span>
    </p>
   </div>
  </div>
 </body>
</html>
