1728 2886
12 218 29 279 f
79 246 166 272 unus
182 235 324 271 alicuius
342 237 483 273 flaturae
496 239 560 276 fuit
571 239 754 275 Thraex46

4 279 34 326 ⁵³:331
80 281 170 316 foras
186 287 283 316 cenat
301 284 345 316 30
378 283 468 318 foras
484 290 600 329 parata
618 290 696 319 sunt
711 287 751 319 47

0 331 27 370 ,ξ’
81 326 234 361 fortunae
257 326 349 362 filius
373 331 417 364 43

0 383 14 411 ἡ
26 385 38 397 ν
81 371 230 415 frigidior
245 372 355 407 hieme
372 373 493 417 gallica
512 374 621 407 factus
641 376 681 409 19
698 374 754 408 fri-

124 416 234 460 gidior
256 418 387 461 rigente
412 420 529 452 bruma
556 420 619 454 132

6 440 11 459 ⁵
80 461 218 496 frunisci
234 463 375 506 aliquid
390 466 434 498 44
451 466 493 499 75
532 464 678 498 frunitus
702 467 755 498 est

124 517 224 550 quam
248 508 306 542 diu
332 509 418 542 vixit
442 511 484 543 43

21 562 25 586 t
78 552 179 594 longe
203 552 289 596 fugit
313 554 466 598 quisquis
495 564 576 587 suos
601 553 687 597 fugit
710 555 753 588 43

79 597 259 641 fulcipedia
279 601 320 633 75
354 610 444 642 quae
458 610 494 631 se
510 599 628 632 studet
641 600 753 632 extol-

8 663 14 669 .,
123 642 194 675 lere

9 686 12 706 ³
78 687 238 730 fuliginea
264 688 370 722 nubes
398 690 460 723 108
513 723 516 727 ,

8 722 27 774 ,ἶς’
79 733 232 766 furcifera
261 735 324 768 132

11 775 27 793 ⁴⁵⁴
78 787 154 812 cum
178 778 424 812 insanientibus
449 777 559 812 furere
584 781 604 814 3

0 847 33 896 ²3⁴„
79 859 213 899 gastrae
240 859 281 890 79
307 860 348 890 70

0 933 1 940 ,
78 901 293 945 gaudimonio
319 902 449 935 dissilio
476 903 514 936 61

0 942 23 987 [5
78 956 227 990 gausapa
252 948 292 981 21
321 949 363 980 29
409 947 482 990 apri
510 947 686 990 gausapati
711 948 753 981 38

0 997 2 1025 :
78 1001 177 1025 omne
201 1001 308 1034 genus
331 1002 432 1035 poma
457 992 535 1025 volo
563 991 630 1025 sint
654 994 693 1026 71

78 1036 265 1090 gingilipho
290 1037 456 1071 sonabant
474 1038 515 1071 73
534 1036 580 1076 cf.
597 1035 752 1083 γιγγλισ-

79 1094 243 1160 ηοςοζωιι
268 1126 310 1160 de
336 1126 492 1169 gloriosis
519 1129 560 1161 75

57 1172 181 1206 >veluti
215 1175 350 1215 gustum
376 1172 552 1206 hauseram
576 1173 685 1206 somni
711 1173 752 1206 22

123 1227 189 1251 non
214 1217 262 1250 mi
278 1217 362 1250 haec
378 1217 504 1251 iactura
523 1218 612 1261 gusti
630 1218 694 1252 fuit
712 1220 753 1252 76

123 1272 185 1296 nec
202 1272 278 1296 cum
296 1261 355 1295 illo
372 1272 494 1305 panem
507 1266 643 1305 gustare
659 1264 753 1307 potui

125 1309 166 1342 62
215 1307 341 1350 aliquid
366 1306 408 1340 de
432 1308 503 1341 iure
528 1312 662 1352 gustare
688 1310 730 1342 46

78 1386 194 1428 habes,
218 1386 395 1419 habeberis
420 1389 461 1420 77

79 1431 195 1465 hilaria
221 1440 310 1464 mera
336 1431 402 1464 sint
427 1433 468 1466 61

81 1477 193 1510 hircus
215 1477 250 1510 in
274 1476 393 1510 ervilia
419 1478 460 1510 57

80 1521 171 1566 quod
195 1521 297 1555 hodie
321 1531 387 1555 non
413 1526 476 1562 est,
501 1531 574 1555 cras
598 1522 661 1555 erit
685 1524 726 1555 45

25 1592 30 1610 >
81 1567 251 1601 hominem
275 1567 362 1600 inter
387 1566 540 1601 homines
556 1577 631 1600 esse
648 1568 690 1601 39
712 1570 752 1601 57

124 1611 234 1645 facere
260 1614 302 1646 74
349 1611 532 1653 discordia,
562 1622 630 1646 non
654 1613 754 1646 homo

124 1658 166 1691 43
215 1656 320 1701 piper,
345 1667 412 1690 non
436 1657 537 1691 homo
561 1659 606 1691 44
651 1657 756 1700 phan-

124 1702 219 1743 tasia,
234 1712 300 1735 non
319 1701 420 1735 homo
437 1703 478 1736 38
491 1702 666 1743 (simililer
682 1703 755 1736 alia

123 1750 163 1780 ut
198 1747 323 1788 codex,
362 1757 428 1780 non
465 1748 584 1781 mulier
615 1749 672 1790 74)
696 1748 756 1782 ho-

124 1793 258 1826 muncio
282 1793 326 1826 34
352 1794 394 1826 66
443 1792 687 1827 homunciones
711 1795 754 1827 56

19 1848 39 1880 13
81 1838 230 1882 positum
261 1837 295 1870 in
327 1837 510 1881 hypogaeo
543 1848 664 1882 corpus
692 1840 754 1874 112

81 1926 147 1951 non
171 1917 361 1960 impropero
387 1915 437 1948 illi
462 1917 504 1950 38

81 1962 114 1995 in
140 1961 403 1995 controversiam
420 1971 494 1995 esse
517 1963 554 1995 15
589 1962 635 1995 fui
653 1963 686 1996 in
705 1963 755 1996 fu-

128 2017 189 2040 nus
207 2008 249 2041 42
286 2006 409 2040 videbo
428 2010 460 2039 te
476 2007 510 2040 in
528 2007 699 2050 publicum
714 2010 756 2043 58

126 2062 211 2086 voca
237 2062 356 2085 cocum
382 2051 415 2084 in
440 2051 552 2086 medio
578 2054 621 2087 48

83 2107 149 2131 non
160 2097 330 2131 indecenti
344 2096 412 2130 risu
427 2098 469 2130 20
495 2108 561 2131 non
576 2098 758 2132 indelecta-

128 2146 183 2176 tus
207 2143 247 2177 87
297 2151 365 2175 non
390 2142 601 2185 inspeciosus
626 2146 668 2178 74

82 2187 288 2221 introversus
314 2197 351 2220 se
379 2187 518 2230 proiecit
541 2190 584 2222 63

81 2232 211 2276 ipsuma
227 2242 300 2266 mea
319 2233 361 2266 69
402 2232 519 2275 ipsima
543 2236 585 2267 '75
618 2234 758 2278 ipsimus

128 2282 243 2311 noster
266 2278 307 2311 63
335 2279 376 2311 75
401 2279 444 2311 76

84 2365 191 2400 aeque
203 2366 305 2390 unum
322 2357 444 2390 lactem
463 2357 620 2391 biberunt
635 2360 671 2391 71
693 2357 759 2401 lac-¹

132 2404 166 2435 te
189 2402 410 2445 gallinaceum
437 2403 479 2436 38

85 2445 198 2490 frigori
229 2446 375 2481 laecasin
400 2446 476 2481 dico
501 2449 544 2482 42
578 2445 760 2489 λαικάζειν

86 2490 273 2526 lamellulas
298 2492 411 2536 paravi
438 2494 479 2526 57
535 2496 630 2536 pater
656 2493 760 2527 fetum

129 2537 210 2571 emit
222 2537 356 2571 lamna?
370 2539 411 2571 57
430 2537 545 2572 defero
559 2538 703 2572 lamnam
717 2540 760 2573 58

87 2582 144 2624 qui
161 2581 274 2617 holera
292 2586 459 2625 spectant,
483 2582 613 2617 lardum
634 2583 758 2617 tollunt

132 2627 174 2662 39
220 2627 348 2662 lardum
373 2638 476 2662 merae
498 2629 633 2662 venalis
657 2631 700 2663 76

674 126 849 163 SERMON
851 126 889 162 IS

1421 130 1523 168 131·

825 240 870 274 sit
892 240 1066 274 vinearum
1091 240 1231 286 largiter
1256 243 1294 276 71

823 285 967 328 larifuga
991 288 1033 320 57

823 330 937 364 laruas
960 331 1044 364 istos
1061 333 1104 364 44
1151 334 1188 364 ut
1204 331 1297 366 larua
1321 332 1442 366 intravi
1456 335 1500 367 62

823 375 899 408 aliis
924 375 1073 419 leporem
1097 376 1243 410 excitavi
1273 379 1331 412 131

822 419 992 454 levatores
1020 423 1082 455 140

823 464 966 507 capillos
989 465 1119 499 liberos
1141 466 1265 500 habere
1289 469 1331 501 38

867 509 1007 544 liberam
1032 513 1168 553 gustare
1187 513 1227 546 71

824 558 898 588 tace
923 555 1050 598 lingua,
1076 555 1163 589 dabo
1181 566 1302 599 panem
1317 558 1359 590 69
1377 556 1421 596 ef.
1447 567 1500 590 ca-

868 600 920 633 nis
967 600 1142 643 linguosus
1167 602 1210 635 43

821 645 924 688 longe
948 655 967 678 a
985 645 1083 679 nobis
1101 647 1144 680 74
1177 646 1301 686 curabo
1319 646 1420 688 longe
1438 647 1498 680 tibi

867 691 912 723 sit
935 691 1066 724 comula
1092 691 1134 725 58

822 734 901 769 dum
924 736 1086 779 loqueris,
1109 737 1225 779 pruina
1252 735 1476 771 dilabitur-99

822 780 914 815 lorus
944 781 978 814 in
1010 791 1096 825 aqua
1128 783 1168 815 57
1197 783 1262 816 134
1306 781 1431 825 loripes
1456 784 1499 816 45

822 835 890 859 non
913 826 1005 860 valet
1030 826 1148 860 lotium
1172 836 1272 860 suum
1298 829 1338 860 57

822 870 863 904 de
887 871 1021 904 lucerna
1048 872 1180 915 equites
1205 874 1246 906 45

822 916 966 959 lupatria
985 919 1026 951 37

822 971 882 1005 pro
907 961 979 994 luto
998 963 1069 995 erat
1086 963 1130 995 44
1178 971 1238 1004 pro
1262 962 1334 995 luto
1360 962 1498 996 habere-

866 1016 940 1040 mus
966 1009 1004 1040 51
1034 1007 1074 1039 67

1378 478 1499 511 aquam

821 1095 923 1128 homo
948 1095 1109 1128 maiestus
1134 1098 1174 1129 57

821 1150 904 1174 cave
928 1141 1087 1174 maiorem
1111 1140 1295 1175 maledicas
1321 1143 1362 1176 58
1387 1143 1430 1175 96

820 1185 1029 1219 malicorium
1054 1187 1096 1219 47

822 1241 899 1265 cum
915 1231 1159 1265 vicensimariis
1184 1241 1340 1276 magnam
1361 1233 1499 1266 mantis-

866 1286 938 1310 sam
962 1276 1064 1310 habet
1088 1277 1130 1310 65

821 1321 1032 1355 manuciolus
1057 1322 1099 1355 63

821 1377 941 1400 manus
964 1377 1099 1400 manum
1120 1366 1210 1400 lavat
1229 1369 1271 1401 46
1304 1377 1438 1401 manum
1457 1368 1498 1401 de

868 1412 980 1445 tabula
1019 1413 1062 1445 76
1108 1422 1209 1446 manu
1245 1412 1345 1455 plena
1381 1414 1423 1446 43
1457 1415 1500 1447 64

867 1457 962 1490 illum
1002 1458 1158 1500 tetigerat
1194 1457 1281 1490 mala
1313 1467 1431 1492 manus
1456 1460 1498 1492 63

822 1502 967 1545 mapalia
992 1504 1034 1537 58
1059 1503 1215 1535 homines
1237 1504 1455 1545 negligentes

823 1547 1010 1581 marceolus
1036 1550 1075 1582 51

822 1592 1010 1635 mascarpio
1037 1594 1101 1627 134
1123 1593 1187 1625 vioe
1211 1602 1338 1627 sanum

823 1639 933 1671 matus
959 1640 1000 1671 41
1042 1639 1273 1681 participium
1297 1641 1338 1671 ut
1359 1642 1502 1681 egretus

866 1693 934 1725 pro
956 1681 1156 1723 madefacto

823 1727 959 1761 matella
983 1729 1026 1762 45
1050 1738 1146 1761 uoeor
1169 1738 1321 1771 nequam

822 1772 878 1806 isti
904 1773 1046 1807 maiores
1071 1773 1226 1806 maxillae
1253 1775 1297 1807 44

822 1817 952 1852 medius
969 1817 1069 1852 fidius
1091 1818 1280 1851 mulierum
1303 1821 1438 1852 iuratio
1459 1822 1497 1853 17

871 1864 933 1897 129
979 1865 1052 1896 viri
1078 1866 1142 1897 104

825 1911 918 1941 tanto
943 1909 1071 1950 melior,
1096 1907 1212 1942 Massa
1234 1910 1276 1942 69

824 1953 946 1986 bonam
971 1957 1117 1988 mentem
1143 1954 1246 1987 habet
1270 1956 1312 1988 '10
1340 1955 1400 1988 131

825 1997 918 2041 quod
941 1998 1031 2032 illius
1055 2001 1204 2032 mentum
1231 1999 1369 2033 sustulit
1392 2001 1435 2033 43
1453 1999 1503 2039 el'.

825 2098 917 2122 mero
943 2087 1080 2122 meridie
1098 2090 1138 2122 37
1157 2088 1256 2132 plane
1274 2088 1373 2132 fugae
1389 2099 1501 2123 merae

871 2135 914 2167 45
940 2134 1054 2167 hilaria
1083 2143 1173 2167 mera
1198 2135 1238 2168 61
1275 2134 1375 2168 tricas
1392 2145 1500 2168 meras

827 2179 1034 2212 methodium
1058 2180 1102 2212 36
1446 2181 1502 2222 [53

827 2234 893 2258 non
911 2224 1031 2258 micam
1056 2224 1152 2267 panis
1171 2225 1213 2257 42
1248 2223 1334 2266 frugi
1351 2226 1385 2258 et
1401 2225 1503 2258 mica-

872 2270 941 2303 rius
966 2271 1008 2304 73

827 2325 902 2348 cum
920 2325 987 2358 quo
1013 2324 1131 2357 posses
1156 2314 1188 2346 in
1217 2314 1364 2348 tenebris
1381 2315 1503 2349 micare

829 2404 950 2438 fundos
975 2404 1078 2437 habet
1102 2414 1167 2448 qua
1201 2404 1294 2438 milvi
1318 2405 1435 2439 volant
1460 2408 1500 2439 37

874 2450 978 2490 milvo
994 2449 1121 2482 volanti
1140 2459 1270 2492 ungues
1293 2460 1444 2484 resecare
1459 2453 1502 2486 45

876 2494 993 2528 mulier
1010 2504 1097 2538 quae
1122 2494 1243 2528 mulier
1259 2495 1431 2530 milvinum
1446 2507 1503 2538 ge-

875 2550 937 2573 nus
962 2540 1004 2573 42
1051 2539 1152 2578 milva
1175 2540 1304 2573 mulier
1328 2542 1368 2574 75

830 2585 967 2618 mimum
993 2594 1195 2628 componere
1223 2587 1285 2620 117
1364 2587 1369 2591 '

831 2634 864 2664 et
889 2635 998 2665 cetera
1023 2630 1194 2664 minutalia
1221 2632 1262 2665 47

1188 2687 1236 2721 9*
