1728 2886
691 125 879 161 PRIAPEA
1419 123 1500 164 149

757 238 822 278 LV

233 305 400 346 Credere
421 306 508 358 quis
528 305 680 358 possit?
700 306 839 346 falcem
861 313 1019 359 quoque
1038 331 1093 337 —
1114 313 1229 361 turpe
1249 308 1361 348 fateri
1381 330 1437 337 —-

284 363 332 402 de
353 362 482 414 digitis
502 363 610 403 fures
631 362 858 414 surripuere
878 363 988 404 meis.

232 430 306 458 nec
326 425 455 459 movet
474 419 603 459 amissi
623 425 700 459 tam
721 431 783 458 me
803 419 950 459 iactura
971 419 1189 472 pudorque,

283 487 400 527 quam
422 474 616 527 praebent
635 475 758 515 iustos
779 475 899 515 altera
918 476 994 516 tela
1014 481 1160 516 metus:

230 543 329 582 quae
349 532 380 572 si
401 531 621 583 perdidero,
643 531 765 584 patria
786 531 982 581 mutabor,
1004 537 1043 572 et
1064 532 1155 572 olim
1425 539 1445 572 5

281 588 345 628 ille
366 594 457 628 tuus
477 588 582 637 civis,
603 588 828 641 Lampsace,
851 588 984 629 Gallus
1005 601 1087 630 ero.

748 678 832 718 LVI

229 744 390 785 Derides
411 757 581 797 quoque,
602 746 677 794 fur,
698 752 738 786 et
756 746 996 798 impudicum

229 801 402 842 ostendis
421 802 584 853 digitum
605 802 699 842 mihi
719 800 916 842 minanti?

229 858 327 898 eheu
347 870 410 898 me
430 858 628 907 miserum,
651 859 755 910 quod
774 859 848 899 ista
866 859 1017 911 lignum
1047 865 1117 908 est,

231 926 330 966 quae
350 926 414 954 me
434 914 648 955 terribilem
670 915 761 955 facit
780 915 912 955 videri.

229 971 424 1010 mandabo
445 971 605 1011 domino
627 978 758 1011 tamen
780 971 910 1020 salaci,
1425 978 1446 1011 5

228 1033 272 1067 ut
291 1039 364 1079 pro
385 1039 447 1067 me
467 1027 557 1067 velit
576 1028 765 1068 irrumare
785 1028 906 1068 fures.

738 1128 839 1169 LVII

229 1194 373 1235 Cornix
390 1201 428 1235 et
444 1195 566 1236 caries
582 1202 770 1248 vetusque
787 1195 960 1245 bustum,

228 1251 343 1291 turba
363 1252 496 1304 putida
516 1253 615 1292 facta
635 1252 895 1301 saeculorum,

228 1320 327 1359 quae
347 1309 478 1349 forsan
500 1309 692 1361 potuisset
713 1322 798 1349 esse
820 1309 951 1349 nutrix

228 1364 387 1404 Tithoni
407 1365 629 1417 Priamique
649 1365 916 1417 Nestorisque,

228 1420 304 1461 illis
325 1421 363 1460 ni
386 1422 520 1474 pueris
539 1434 639 1462 anus
659 1422 809 1470 fuisset,
1425 1426 1446 1459 5

232 1489 282 1516 ne
303 1477 425 1517 desim
446 1479 532 1527 sibi,
555 1491 615 1518 me
636 1485 761 1530 rogat,
783 1479 948 1519 fututor.

228 1534 320 1586 quid
341 1534 374 1574 si
394 1547 502 1575 nunc
523 1540 648 1586 roget,
671 1541 713 1575 ut
733 1535 865 1588 puella
886 1531 980 1574 fiat?

227 1645 258 1685 si
281 1658 462 1687 nummos
482 1653 610 1688 tamen
632 1648 728 1687 haec
749 1646 878 1695 hahet,
899 1646 1030 1699 puella
1050 1651 1121 1686 est.

726 1737 846 1776 LVIII

227 1802 462 1855 Quicunque
485 1811 657 1845 nostram
678 1806 742 1845 sur
762 1805 942 1845 fefellerit
961 1816 1108 1853 curam,

227 1859 451 1900 effeminato
471 1861 662 1901 verminet
681 1863 820 1915 procul
840 1862 952 1912 culo;

226 1928 405 1968 quaeque
426 1917 488 1957 hic
508 1923 688 1970 proterva
709 1919 898 1971 carpserit
917 1929 1036 1958 manu
1055 1928 1170 1969 poma

225 1972 365 2024 puella,
383 1973 534 2014 nullum
551 1975 721 2027 reperiat
735 1976 962 2015 fututorem.

726 2076 863 2116 LVIIII

226 2140 469 2181 Praedictum
490 2141 561 2182 tibi
583 2155 633 2183 ne
651 2155 795 2195 negare
812 2143 960 2196 possis:

225 2197 257 2237 si
278 2198 343 2237 fur
362 2198 527 2248 veneris,
550 2199 772 2252 impudicus
795 2200 887 2240 exis.

754 2300 820 2341 LX

226 2376 266 2416 Si
287 2383 383 2428 quot
403 2377 524 2418 habes
545 2390 692 2427 versus,
714 2386 773 2420 tot
791 2379 958 2421 haberes
977 2393 1107 2433 poma,
1129 2379 1282 2434 Priape,

277 2445 382 2474 esses
401 2435 562 2487 antiquo
580 2436 696 2476 ditior
712 2436 891 2476 Alcinoo.

186 2532 242 2567 LV
262 2535 277 2567 1
298 2536 416 2578 posset
434 2535 596 2579 plerique
617 2535 621 2579 Ι
643 2538 663 2570 3
689 2545 742 2569 me
767 2538 835 2569 tam
860 2535 926 2569 alii
945 2534 950 2580 Ι
973 2538 992 2570 5
1010 2535 1178 2569 multabor
1191 2535 1352 2580 plerique
1381 2535 1394 2580 ΙΙ
1418 2535 1501 2570 LVII

75 2577 96 2611 6
119 2575 208 2612 desit
225 2578 331 2621 volgo
352 2580 358 2620 Ι
380 2580 399 2613 8
417 2579 554 2613 dolebat
568 2581 741 2615 Bor-thius
757 2580 770 2624 11
788 2580 882 2614 LVIII
901 2583 917 2616 1
936 2583 1062 2623 curam]
1078 2579 1180 2615 fidem
1195 2581 1288 2625 pleri
1337 2593 1354 2615 e
1375 2582 1379 2623 Ι
1401 2583 1421 2616 2
1438 2582 1501 2616 im-

77 2621 181 2656 minet
203 2624 321 2667 procul
345 2623 449 2659 dubio
474 2625 577 2659 libri:
602 2626 701 2660 inane
720 2626 846 2670 pruriat
863 2626 979 2661 lumbo
993 2625 1228 2661 Baehremim
1244 2626 1257 2671 ΙΙ
1274 2625 1298 2660 L
1330 2626 1382 2661 llll
1400 2628 1420 2661 2
1433 2627 1501 2661 eris
