1728 2886
194 149 278 188 224
687 148 907 184 VARRONIS
933 149 1181 185 MENIPPEAE

833 264 919 304 V111
939 265 995 315 (9)

108 338 165 372 583
330 325 629 399 3ξνῑικούριειος
645 329 756 382 θεὸς
776 345 859 372 uon
876 339 996 384 potest
1015 345 1109 373 esse:
1133 328 1233 375 οὔτε
1255 331 1386 384 αὐτὸς
1406 333 1614 391 πράγματ

198 385 285 440 ἔχει
317 403 416 430 ουτε
444 384 597 438 ἄλλοις
629 391 812 445 παρέχει
822 407 835 441 ‚·
865 388 1046 429 Stoicus?
1078 391 1264 442 quomodo
1290 398 1413 444 potest
1441 394 1628 434 rotundus
1688 401 1701 435 »θ’

198 459 283 493 esse,
303 453 347 485 uc
367 449 421 486 ait
443 445 575 494 Varro,
596 449 677 486 sine
697 449 826 500 capite,
849 449 930 486 sine
946 449 1149 499 praeputio
1161 445 1182 486 P
1690 440 1700 455 ⁴

820 525 925 564 VIIII
946 526 1005 576 (l)

110 588 168 621 584
339 582 464 634 capite
482 582 680 634 permulso

865 638 897 677 X
918 640 975 689 (7)

111 713 168 747 585
340 704 639 760 ψαμμακόσια
650 718 724 758 pro
741 706 872 746 multis
888 705 1007 746 Varro
1028 710 1187 760 saepem
1199 707 1408 760 Menippeis
1417 711 1498 749 suis
1506 711 1633 761 posuit
1678 703 1707 748 {f

853 785 905 825 xl
928 787 985 837 (8)
1679 775 1684 847 j

113 861 170 894 586
336 855 583 906 proverbium
604 861 711 894 vetus
722 867 791 908 quo
810 853 930 894 Varro
951 858 1077 895 utitur
1091 857 1262 907 saepius:
1284 855 1473 895 fulmenta
1488 855 1634 895 lectum
1679 841 1709 900 ‘2³

202 910 399 950 scandunt
1706 915 1709 924 ¹

828 965 931 1007 XII*
953 970 1008 1016 (4)

114 1042 171 1075 587
342 1035 525 1075 hercules
545 1035 621 1074 iam
644 1036 684 1074 in
707 1035 854 1087 regiam
875 1047 1004 1075 arcam
1027 1036 1323 1088 impancrarunt

817 1115 937 1154 XIII*
959 1116 1017 1166 (2)

117 1190 174 1224 588
346 1195 424 1234 quo
447 1182 541 1221 mihi
562 1194 742 1231 somnos,
765 1183 796 1223 si
818 1184 1001 1223 dormitio
1022 1182 1199 1223 tollitur?

812 1261 949 1302 XIIII*
971 1264 1028 1314 (3)

117 1338 173 1372 589
344 1329 436 1381 quid
458 1329 631 1369 mirum?
662 1343 709 1370 ex
738 1331 820 1382 agri
850 1331 1155 1383 depolitionibus
1177 1331 1393 1379 eiciuntur,
1425 1329 1487 1369 hic
1509 1329 1549 1369 in
1573 1341 1638 1368 ce·
1689 1319 1711 1363 ³⁷²⁶]

208 1386 348 1426 naculo
370 1386 492 1438 polito
514 1387 760 1439 recipiuntur
1684 1392 1686 1394 ’

819 1455 884 1494 XV
897 1459 916 1480 *
941 1456 1026 1507 (14)

124 1531 180 1565 590
351 1527 423 1562 ‘est
443 1522 508 1562 ibi’
531 1523 659 1574 inquit
680 1523 724 1563 ‘si
746 1523 918 1571 festinas,
942 1523 1114 1575 pilleum'

884 1602 969 1641 le

121 1679 176 1712 591
348 1677 388 1710 et
408 1677 538 1710 tamen
562 1683 643 1710 non
666 1671 832 1710 demolio
854 1677 980 1711 rostra

325 1795 388 1828 583
415 1793 547 1827 Seneca
571 1794 814 1837 apocolocyut.
829 1794 860 1827 8.
898 1793 1058 1827 Varroni
1082 1804 1172 1836 quae
1196 1795 1415 1836 tribuuntur,
1445 1802 1559 1836 prope
1583 1793 1643 1826 ab·
1688 1810 1714 1825 2>

211 1843 294 1872 sunt
316 1840 359 1872 ab
383 1841 526 1872 senario
553 1838 717 1873 rou'mdus
741 1843 804 1880 est,
829 1839 901 1872 sine
927 1837 1050 1882 eapite,
1075 1840 1149 1873 sine
1174 1837 1352 1883 praept'ltio
1371 1839 1466 1880 11584
1489 1838 1643 1872 Pn‘sm'a-
1684 1841 1717 1870 :11⁴¹

211 1896 278 1918 nus
301 1884 343 1917 lx
365 1895 400 1927 p.
425 1886 490 1918 487
517 1884 621 1918 Varro
646 1885 679 1917 in
705 1889 817 1918 satura
842 1885 854 1927 η
874 1885 938 1918 585
964 1884 1168 1918 Macrobius
1192 1888 1257 1918 sat.
1284 1883 1313 1916 V
1339 1885 1393 1925 20,
1420 1884 1472 1918 13.
1520 1882 1644 1923 confer

214 1930 391 1974 52811586
415 1929 556 1963 Nonius
583 1941 617 1973 p.
645 1931 710 1964 206
736 1930 937 1963 fulmentum
953 1929 966 1974 ΙΙ
986 1932 1050 1964 587
1075 1929 1120 1963 N.
1131 1941 1166 1972 p.
1182 1931 1224 1964 59
1242 1930 1450 1972 Impancrare
1474 1928 1643 1964 invadere.
1714 1935 1728 1966 ἐ

213 1975 319 2009 Varro
345 1975 524 2009 ecclesiam
549 1976 582 2008 in
606 1976 700 2009 unde
737 1976 882 2008 tilulum
918 1980 1062 2009 saturae
1098 1975 1262 2018 Scaliger
1297 1973 1385 2014 feeit
1408 1973 1575 2008 Ecclesia:
1609 1975 1644 2009 in
1726 1979 1728 1982 '

212 2023 345 2065 (potuit
363 2018 457 2063 Ἐχω
482 2032 522 2054 σε
547 2024 610 2054 aut
634 2021 807 2064 Octogesi)
829 2024 832 2062 Ι
855 2031 966 2054 arcem
994 2021 1083 2054 liber
1105 2021 1220 2054 Fabri
1237 2019 1250 2065 ΙΙ
1267 2022 1331 2055 588
1356 2019 1401 2054 Ν.
1422 2030 1460 2063 p.
1480 2021 1543 2055 100
1569 2019 1645 2054 dol·-
1692 2030 1699 2041 ²
1716 2025 1728 2049 1

214 2067 319 2100 mitio.
368 2066 474 2100 Varro
500 2066 661 2110 Sexagesi
686 2065 747 2106 (fr.
772 2067 851 2107 485)
887 2071 921 2100 et
946 2067 1012 2099 alio
1038 2066 1114 2100 loco
1151 2066 1258 2099 idem:
1300 2065 1381 2110 quid
1411 2065 1493 2099 mihi
1524 2074 1644 2100 somno
1691 2110 1694 2111 ⁷

215 2114 364 2154 (somnos
380 2114 486 2153 unus)
505 2111 518 2156 Η
535 2114 600 2147 589
624 2111 668 2146 Ν.
689 2123 726 2155 p.
753 2114 796 2146 66
824 2112 1004 2156 politiones
1027 2111 1039 2156 11
1065 2114 1130 2146 590
1151 2121 1304 2154 gramm.
1329 2112 1371 2144 de
1394 2111 1512 2145 dubiis
1534 2113 1646 2144 nomi-
1688 2143 1690 2147 ,

214 2160 319 2191 nibus
330 2157 374 2191 xl
381 2168 418 2200 p.
434 2159 497 2192 587
518 2158 668 2201 pilleum.
701 2159 820 2201 recepi
841 2169 914 2190 non
935 2161 1084 2200 propter
1099 2168 1221 2190 versus
1243 2158 1394 2201 speciem
1416 2157 1479 2190 sed
1494 2159 1647 2200 propter
1690 2159 1691 2162 ’
1718 2182 1721 2187 ,

214 2207 463 2246 argumentum
487 2214 529 2236 ac
551 2214 745 2236 sermonem
761 2203 773 2249 ΙΙ
793 2205 856 2238 591
884 2203 1071 2236 Diomedes
1080 2214 1117 2246 p.
1131 2204 1197 2237 400
1214 2202 1320 2236 Varro
1345 2203 1379 2236 in
1395 2202 1531 2246 poetico
1547 2202 1645 2236 libro.
1679 2232 1684 2244 Ἴ.
1709 2236 1728 2242 Ἴ,

214 2259 285 2282 non
311 2252 363 2282 est
386 2253 501 2282 tamen
526 2259 667 2282 carmen
