1728 2886
207 126 260 164 26
815 124 1019 159 ΡΕΤΒΟΝΠ

204 241 280 281 hoc
300 241 411 280 titulo
432 240 653 280 auctionem
682 239 932 291 proscripsit:
964 238 1033 280 “C.
1056 239 1176 279 Iulius
1196 238 1385 283 Proculus
1405 242 1627 283 auctionem
1640 218 1701 290 &¹7

206 297 320 337 faciet
340 309 471 336 rerum
492 295 858 348 supervacuarum''.
1640 300 1671 324 α’

137 353 191 396 39
318 352 576 404 interpellavit
598 358 674 391 tam
695 352 827 391 dulces
848 351 998 392 fabulas
1014 351 1269 402 Trimalchio;
1291 365 1380 393 nam
1401 354 1475 394 iam
1497 353 1628 396 subla-

204 415 286 449 tum
308 415 390 449 erat
409 409 620 456 ferculum,
650 409 871 460 hilaresque
891 408 1074 448 convivae
1093 408 1184 447 vino
1205 410 1533 463 sermonibusque
1552 424 1628 464 pu-

204 466 354 505 blicatis
385 478 543 517 operam
574 471 787 517 coeperant
816 465 920 504 dare.
974 464 1006 504 is
1036 477 1129 516 ergo
1151 465 1362 506 reclinatus
1381 467 1420 509 in
1453 467 1629 509 cubitum
1656 474 1676 508 5

204 522 291 562 ‘hoc
320 522 465 561 vinum’
495 522 624 573 inquit
654 525 734 561 ‘vos
773 527 928 574 oportet
964 533 1080 561 suave
1118 521 1278 562 faciatis.
1337 522 1464 575 pisces
1493 530 1628 565 natare

205 584 372 630 oportet.
417 591 534 630 rogo,
565 590 627 617 me
656 578 801 630 putatis
831 578 894 617 illa
918 590 1021 631 ,cena
1052 590 1136 618 esse
1157 583 1409 628 contentum,
1440 591 1555 632 quam
1584 581 1626 622 in

202 635 314 675 theca
345 635 564 687 repositorii
594 633 805 674 videratis?
836 635 919 674 “sic
945 640 1063 674 notus
1079 633 1262 675 Vlixes?”
1293 635 1385 687 quid
1416 648 1509 689 ergo
1540 636 1627 678 est?

203 698 359 743 oportet
389 691 502 730 etiam
533 691 636 730 inter
662 691 882 731 cenandum
902 691 1153 743 philologiam
1185 704 1310 731 nosse.
1350 698 1517 744 patrono
1538 706 1626 734 meo

204 760 287 788 ossa
310 748 410 787 bene
432 748 645 799 quiescant,
669 748 734 799 qui
756 760 817 786 me
838 747 1039 787 hominem
1061 747 1165 788 inter
1186 748 1367 788 homines
1388 749 1508 790 voluit
1528 762 1625 791 esse.
1658 756 1695 792 1⁰

202 817 291 843 nam
312 804 405 843 mihi
427 804 524 843 nihil
545 804 634 843 novi
656 810 786 855 potest
807 804 951 852 afferri,
973 804 1076 844 sicut
1096 804 1159 844 ille
1181 805 1365 845 fericulus
1385 805 1464 846 iam
1494 806 1628 848 habuit

202 861 364 912 praxim.
405 860 537 900 caelus
558 860 642 908 hic,
673 861 712 899 in
746 873 824 912 quo
847 860 1053 900 duodecim
1083 861 1135 900 dii
1165 860 1362 910 habitant,
1393 862 1434 902 in
1466 863 1626 904 totidem

201 929 243 956 se
263 917 407 968 figuras
427 917 640 964 convertit,
672 922 710 956 et
729 918 845 956 modo
868 918 911 957 fit
931 917 1044 957 aries.
1085 917 1216 969 itaque
1246 918 1423 970 quisquis
1453 920 1627 960 nascitur

201 973 266 1012 illo
287 973 420 1025 signo,
451 974 571 1012 multa
602 986 745 1025 pecora
765 973 902 1022 habet,
933 974 1098 1014 multum
1129 974 1252 1023 lanae,
1284 980 1401 1028 caput
1423 981 1625 1028 praeterea

201 1029 361 1078 durum,
394 1030 563 1069 frontem
595 1030 895 1082 expudoratam,
937 1043 1102 1070 cornum
1133 1037 1302 1071 acutum.
1363 1032 1520 1084 plurimi
1549 1033 1625 1074 hoc
1653 1038 1693 1074 15

199 1086 312 1137 signo
346 1086 564 1126 scholastici
599 1093 815 1127 nascuntur
849 1093 888 1127 et
917 1087 1093 1127 arietilli’.
1133 1087 1334 1128 laudamus
1363 1088 1626 1130 urbanitatem

199 1143 481 1190 mathematici;
518 1143 646 1194 itaque
681 1144 838 1183 adiecit:
870 1144 1031 1183 ‘deinde
1066 1149 1173 1184 totus
1202 1145 1332 1184 caelus
1361 1145 1540 1186 taurulus
1569 1147 1624 1187 fit.

198 1199 330 1250 itaque
350 1204 445 1238 tunc
466 1199 659 1239 calcitrosi
681 1206 897 1240 nascuntur
918 1206 957 1240 et
977 1200 1137 1241 bubulci
1159 1206 1197 1240 et
1217 1201 1283 1253 qui
1300 1214 1341 1242 se
1357 1201 1430 1253 ipsi
1444 1209 1623 1254 pascunt.

200 1254 239 1294 in
262 1255 429 1307 geminis
450 1262 576 1295 autem
599 1262 818 1296 nascuntur
839 1256 951 1309 bigae
974 1263 1011 1297 et
1031 1257 1151 1297 hoves
1172 1263 1210 1297 et
1231 1258 1331 1298 colei
1351 1264 1389 1297 et
1406 1259 1472 1310 qui
1493 1264 1623 1300 utros-

199 1323 276 1362 que
297 1312 464 1364 parietes
484 1312 625 1353 linunt.
666 1314 705 1352 in
738 1326 880 1353 cancro
912 1326 984 1365 ego
1016 1320 1132 1354 natus
1152 1326 1252 1354 sum.
1293 1314 1380 1355 ideo
1400 1315 1532 1356 multis
1551 1329 1624 1368 pe·
1653 1320 1693 1356 20

199 1367 314 1408 dibus
335 1374 416 1416 sto,
450 1375 487 1408 et
516 1369 556 1408 in
579 1370 675 1409 mari
696 1375 734 1410 et
754 1371 794 1409 in
816 1376 920 1410 terra
941 1370 1062 1410 multa
1084 1371 1286 1422 posside0;
1310 1383 1401 1411 nam
1421 1383 1564 1412 cancer
1585 1378 1624 1413 et

198 1424 274 1463 hoc
295 1430 332 1464 et
353 1425 441 1464 illoc
463 1425 638 1476 quadrat.
681 1432 720 1466 et
751 1427 836 1466 ideo
868 1427 944 1466 iam
975 1427 1119 1467 dudum
1153 1427 1250 1467 nihil
1279 1440 1399 1480 super
1419 1428 1529 1468 illum
1548 1441 1623 1481 po-

197 1480 277 1529 sui,
309 1493 359 1520 ne
380 1482 557 1532 genesim
577 1494 703 1522 meam
725 1495 956 1535 premerem.
999 1484 1037 1523 in
1061 1484 1175 1524 leone
1197 1484 1429 1536 cataphagae
1451 1497 1622 1526 nascun-

196 1541 261 1575 tur
283 1542 320 1576 et
340 1537 560 1589 imperiosi;
591 1539 631 1578 in
652 1539 803 1591 virgine
825 1540 1008 1580 mulieres
1030 1547 1068 1580 et
1088 1541 1238 1591 fugitivi
1259 1549 1297 1580 et
1317 1541 1548 1594 compediti;
1578 1542 1620 1583 in

196 1592 294 1632 libra
315 1593 492 1634 laniones
513 1601 551 1634 et
571 1596 823 1648 unguentarii
846 1602 884 1636 et
905 1597 1131 1649 quicunque
1151 1597 1297 1649 aliquid
1318 1598 1552 1650 expediunt;
1579 1599 1621 1639 in
1651 1603 1689 1637 25

195 1650 407 1701 scorpione
427 1652 626 1691 venenarii
648 1658 685 1691 et
705 1665 978 1704 percussores3
1009 1654 1050 1693 in
1082 1654 1281 1705 sagittario
1301 1654 1521 1704 strabones,
1552 1655 1620 1707 qui

195 1705 329 1745 holera
350 1713 549 1758 spectant,
581 1708 730 1748 lardum
753 1709 916 1759 tollunt;
947 1710 987 1748 in
1011 1710 1244 1762 capricorno
1266 1711 1511 1760 aerumnosi,
1532 1711 1620 1763 qui·

194 1761 270 1801 bus
290 1774 384 1814 prae
404 1763 502 1802 mala
524 1776 591 1803 sua
615 1777 762 1804 cornua
786 1772 1021 1814 nascuntur;
1051 1766 1091 1805 in
1113 1766 1274 1818 aquario
1295 1779 1471 1819 copones
1492 1773 1531 1807 et
1550 1780 1620 1808 cu-

196 1818 390 1867 curbitae;
422 1819 461 1858 in
493 1820 667 1871 piscibus
689 1821 946 1861 obsonatores
968 1829 1005 1861 et
1026 1823 1214 1863 rhetores.
1256 1823 1311 1863 sic
1333 1824 1438 1864 orbis
1457 1824 1620 1864 vertitur
1667 1869 1679 1881 ·

194 1879 378 1926 tanquam
401 1875 514 1924 mola,
537 1882 576 1915 et
596 1890 749 1930 semper
769 1878 911 1929 aliquid
932 1879 1023 1918 mali
1044 1879 1154 1927 facit,
1186 1885 1228 1918 ut
1258 1879 1437 1920 homines
1466 1885 1533 1920 aut
1553 1893 1623 1920 na·
1649 1885 1701 1920 30⁴

196 1936 355 1970 scantur
376 1938 441 1971 aut
462 1940 637 1983 pereant.
677 1934 780 1986 quod
813 1940 943 1974 autem
974 1935 1013 1974 in
1036 1935 1163 1974 medio
1195 1936 1404 1987 caespitem
1425 1937 1562 1977 videtis
1581 1942 1621 1977 et

195 1999 311 2039 supra
333 1988 539 2040 caespitem
561 1990 700 2038 savum,
723 1990 820 2029 nihil
841 1991 926 2030 sine
957 1991 1108 2030 ratione
1138 1992 1250 2031 facio.
1295 1997 1396 2032 terra
1417 1999 1542 2033 mater
1561 1998 1620 2034 est

195 2043 235 2082 in
257 2044 384 2083 medio
408 2045 516 2095 quasi
539 2058 651 2086 ovum
674 2047 972 2096 corrotundata‚
1003 2055 1042 2087 et
1072 2048 1202 2088 omnia
1223 2048 1326 2088 bona
1357 2049 1397 2088 in
1430 2062 1470 2090 se
1502 2049 1620 2090 habet

194 2106 379 2152 tanquam
399 2101 531 2141 savus’.

129 2157 182 2197 40
309 2157 479 2208 ‘sophos'
511 2158 680 2197 universi
713 2159 922 2199 clamamus
952 2165 990 2199 et
1019 2160 1179 2200 sublatis
1209 2160 1390 2201 manibus
1420 2161 1466 2200 ad
1488 2173 1618 2202 came·
1646 2167 1698 2202 352.

194 2224 276 2252 ram
298 2213 470 2253 iuramus
493 2213 759 2266 Hipparchum
779 2217 1017 2267 Aratumque
1048 2217 1332 2269 comparandos
1362 2218 1416 2257 illi
1436 2218 1617 2260 homines

195 2282 275 2308 non
299 2270 435 2317 fuisse,
467 2271 592 2310 donec
613 2271 856 2312 advenerunt
876 2273 1044 2313 ministri
1074 2286 1118 2313 ac
1148 2274 1283 2313 toralia
1303 2281 1618 2326 praeposuerunt

193 2326 307 2374 toris,
339 2327 377 2366 in
402 2327 542 2378 quibus
563 2327 658 2366 retia
688 2335 797 2368 erant
826 2329 927 2382 picta
956 2329 1283 2382 subsessoresque
1304 2343 1392 2370 cum
1414 2331 1616 2372 venabulis

195 2388 232 2421 et
251 2388 355 2422 totus
376 2383 594 2423 venationis
613 2391 832 2436 apparatus.
874 2385 1041 2425 necdum
1061 2386 1299 2434 sciebamus,
1340 2400 1410 2440 quo
1440 2388 1615 2428 mittere-

193 2451 280 2478 mus
301 2439 544 2491 suspiciones
566 2446 740 2489 nostras,
773 2454 861 2481 cum
885 2448 991 2482 extra
1021 2443 1234 2483 triclinium
1266 2443 1412 2483 clamor
1441 2443 1616 2485 sublatus
1644 2450 1701 2494 4035

1693 2513 1705 2528 t

307 2575 324 2606 7
350 2572 502 2612 fortasse
526 2574 670 2617 putastis
686 2574 698 2618 1}
720 2577 757 2609 11
783 2575 978 2609 fericulusta
1004 2576 1069 2610 mel
1095 2577 1227 2610 habuit:
1251 2576 1403 2617 fortasse
1425 2578 1492 2613 iam
1516 2579 1581 2613 mei
1601 2579 1613 2623 ss
1679 2554 1705 2628 s}

197 2619 236 2652 16
263 2619 358 2652 arieti
383 2618 431 2651 illi
450 2618 462 2662 11
481 2620 522 2653 36
547 2623 760 2663 comparatos
785 2619 941 2654 Rolzdius
959 2620 1028 2665 1137
1057 2622 1175 2656 tolaria
1200 2626 1450 2666 proposuerunt
1670 2626 1705 2651 “³³3
