1728 2886
204 150 256 188 86
822 151 1025 187 PETRONll

318 271 375 305 est
395 266 503 305 favor
522 265 563 304 in
585 266 726 318 pretio.
767 266 930 307 senibus
951 279 1109 320 quoque
1130 267 1254 308 libera
1271 269 1392 311 virtus

318 322 527 370 exciderat,
549 322 776 374 sparsisque
798 323 940 376 opibus
961 336 1152 364 conversa
1172 330 1345 377 potestas
1408 376 1415 382 Δ

318 379 486 430 ipsaque
507 379 688 420 maiestas
707 392 803 420 auro
826 386 1012 433 corrupta
1033 381 1197 421 iacebat.

261 442 299 474 45
320 435 480 487 pellitur
500 448 522 475 a
542 436 691 488 populo
712 436 838 477 victus
860 437 953 478 Cato
965 451 976 487 ;
997 438 1146 478 tristior
1166 439 1230 478 ille
1252 446 1323 488 est,

319 492 387 544 qui
409 491 512 541 vicit,
533 493 737 545 fascesque
758 494 882 546 pudet
901 495 1078 547 rapuisse
1101 495 1252 536 Catoni.

318 561 490 601 namque
509 572 566 578 —
585 550 661 589 hoc
682 550 886 591 dedecoris
905 552 1055 604 populo
1075 564 1311 604 morumque
1333 552 1449 593 ruina
1468 577 1523 583 —

317 618 399 645 non
421 607 539 646 homo
561 606 699 658 pulsus
719 613 814 656 erat,
836 609 903 648 sed
918 608 965 648 -in
987 621 1068 648 uno
1091 609 1189 648 victa
1209 615 1383 661 potestas

317 662 621 714 Romanumque
642 664 774 703 decus.
817 677 938 716 quare
959 670 1038 704 tam
1059 665 1211 717 perdita
1232 666 1356 706 Roma

257 725 296 758 50
317 719 401 771 ipsa
422 719 482 759 sui
503 731 657 760 merces
677 726 761 759 erat
782 726 821 760 et
840 721 926 760 sine
946 721 1100 761 vindice
1122 723 1280 774 praeda.

316 782 522 827 praeterea
543 777 702 827 gemino
725 777 961 829 deprensam
982 778 1136 830 gurgite
1157 778 1317 830 plebem

316 832 490 872 faenoris
512 832 664 873 illuvies
687 846 861 885 ususque
883 835 1067 874 exederat
1087 835 1200 875 aeris.

316 889 424 928 nulla
445 895 505 929 est
526 895 632 929 certa
654 889 807 939 domus,
830 891 982 931 nullum
1005 891 1090 931 sine
1111 892 1280 944 pignore
1300 905 1460 946 corpus,

315 946 384 985 sed
404 945 522 985 veluti
544 946 655 986 tabes
674 947 802 986 tacitis
822 954 1013 1000 concepta
1035 949 1214 989 medullis

259 1008 297 1040 55
317 1002 422 1042 intra
442 1002 619 1042 membra
640 1003 776 1044 furens
797 1004 904 1044 curis
923 1005 1157 1046 latrantibus
1178 1013 1294 1046 errat.

315 1071 424 1099 arma
444 1059 604 1112 placent
636 1060 800 1108 miseris,
822 1061 1040 1113 detritaque
1062 1063 1266 1115 commoda
1288 1063 1383 1104 luxu

314 1116 545 1156 vulneribus
565 1123 811 1169 reparantur.
851 1118 969 1170 inops
989 1119 1147 1158 audacia
1167 1125 1251 1159 tuta
1271 1126 1342 1160 est.

313 1172 389 1212 hoc
410 1185 579 1213 mersam
601 1186 725 1213 caeno
747 1174 912 1214 Romam
934 1188 1156 1227 somnoque
1176 1176 1371 1217 iacentem

314 1241 416 1281 quae
436 1235 625 1282 poterant
644 1236 748 1271 artes
769 1243 863 1271 sana
883 1232 1037 1271 ratione
1058 1244 1230 1284 movere,

257 1291 296 1324 60
316 1286 357 1326 ni
377 1287 490 1326 furor
510 1292 549 1326 et
569 1285 716 1327 bellum
740 1288 927 1340 ferroque
948 1289 1074 1328 excita
1093 1288 1246 1329 libido?

86 1341 166 1382 120
368 1349 449 1383 tres
470 1343 613 1383 tulerat
634 1343 810 1384 Fortuna
831 1345 962 1393 duces,
985 1358 1085 1397 quos
1106 1345 1240 1386 obruit
1260 1359 1399 1387 omnes

313 1411 513 1439 armorum
536 1406 646 1440 strue
666 1400 818 1441 diversa
840 1402 970 1442 feralis
990 1402 1117 1455 Enyo.

314 1455 496 1496 Crassum
519 1457 688 1497 Parthus
708 1457 838 1506 habet,
861 1458 1009 1511 Libyco
1031 1459 1130 1499 iacet
1153 1471 1326 1511 aequore
1347 1460 1525 1515 Magnus,

313 1511 435 1552 Iulius
456 1513 650 1565 ingratam
671 1514 845 1565 perfudit
866 1516 1061 1567 sanguine
1085 1516 1262 1565 Romam,

254 1575 293 1608 65
314 1575 354 1609 et
374 1570 483 1621 quasi
506 1582 587 1610 non
609 1578 745 1622 posset
765 1577 824 1610 tot
844 1571 959 1611 tellus
981 1573 1085 1612 ferre
1106 1573 1300 1624 sepulcra,

314 1625 443 1665 divisit
464 1626 632 1666 cineres.
673 1627 747 1667 hos
766 1628 890 1679 gloria
912 1628 1040 1668 reddit
1059 1629 1247 1670 honores.

370 1689 430 1722 est
449 1682 560 1724 locus
581 1683 712 1724 exciso
733 1685 893 1736 penitus
914 1685 1118 1726 demersus
1137 1685 1247 1726 hiatu

311 1738 594 1792 Parthenopen
617 1741 722 1780 inter
742 1754 986 1793 magnaeque
1008 1742 1261 1784 Dicarchidos
1282 1755 1384 1792 arva,

312 1795 447 1849 Cocyti
466 1797 652 1848 perfusus
672 1809 794 1849 aqua3
817 1811 907 1838 nam
929 1798 1103 1850 spiritus,
1126 1805 1234 1839 extra

253 1859 292 1891 το
314 1853 380 1904 qui
403 1853 499 1892 furit
521 1853 681 1901 effusus,
703 1855 861 1894 funesto
883 1855 1083 1907 spargitur
1103 1862 1226 1896 aestu.

313 1921 396 1949 non
418 1909 519 1949 haec
540 1915 733 1950 autumno
755 1911 873 1951 tellus
892 1912 993 1951 viret
1012 1918 1079 1952 aut
1099 1912 1167 1952 alit
1187 1912 1331 1953 herbas

311 1966 483 2018 caespite
504 1966 631 2006 laetus
651 1979 756 2019 ager,
779 1980 860 2008 non
881 1981 1004 2008 verno
1027 1981 1197 2020 persona
1217 1976 1337 2009 cantu

309 2022 442 2062 mollia
463 2023 632 2063 discordi
654 2024 821 2076 strepitu
844 2025 1010 2076 virgulta
1030 2025 1236 2075 locuntur,

309 2079 378 2119 sed
398 2079 518 2120 chaos
539 2085 580 2119 et
601 2080 715 2132 nigro
736 2081 955 2132 squalentia
976 2082 1133 2134 pumice
1154 2095 1244 2122 saxa

251 2142 290 2175 75
310 2136 485 2187 gaudent
505 2137 615 2176 ferali
638 2137 789 2177 circum
809 2138 998 2178 tumulata
1020 2151 1224 2190 cupressu.

316 2192 386 2232 has
407 2192 512 2232 inter
532 2193 644 2233 sedes
665 2193 765 2234 Ditis
785 2200 899 2246 pater
919 2195 1057 2235 extulit
1078 2208 1145 2234 ora

309 2248 519 2289 bustorum
539 2249 705 2290 flammis
726 2256 765 2290 et
785 2263 881 2290 cana
902 2263 1038 2304 sparsa
1059 2252 1196 2300 favilla,

313 2317 358 2345 ac
379 2305 445 2345 tali
468 2306 669 2347 volucrem
690 2306 909 2347 Fortunam
931 2320 1025 2348 voce
1046 2308 1220 2349 lacessit:

314 2363 474 2402 “rerum
496 2363 757 2403 humanarum
775 2364 1074 2417 divinarumque
1095 2371 1280 2417 potestas,

251 2424 289 2458 80
310 2417 421 2467 Fors,
443 2419 506 2459 cui
530 2420 635 2459 nulla
657 2420 786 2472 placet
808 2421 972 2461 nimium
994 2434 1130 2461 secura
1154 2427 1338 2474 potestas,

313 2487 415 2526 quae
437 2488 537 2515 nova
558 2489 716 2529 semper
736 2489 842 2518 amas
861 2485 900 2518 et
921 2490 1011 2518 mox
1032 2491 1211 2530 possessa
1231 2478 1435 2531 relinquis,

316 2610 357 2642 47
373 2609 511 2643 delebat
521 2610 793 2644 Brouelclzusius
808 2611 820 2654 fl
840 2613 882 2646 51
902 2612 1036 2655 gurgite
1051 2611 1211 2656 praedam
1230 2612 1243 2657 ΙΙ
1260 2613 1303 2647 60
1319 2612 1434 2647 excisa
1448 2611 1461 2656 ΙΙ
1480 2613 1523 2647 65
1537 2611 1640 2647 telius

198 2655 250 2686 tot
276 2653 469 2687 Ber-nensis
487 2655 558 2698 1169
584 2655 726 2700 Cocytia
742 2655 754 2700 ΙΙ
775 2659 816 2691 70
843 2657 922 2690 iurit
945 2657 1154 2691 Ber-nensis:
1179 2669 1226 2691 an
1250 2657 1421 2702 sulpuris?

1652 269 1704 304 M
