1728 2886
167 2010 246 2051 125

267 133 290 170 9
298 132 323 170 2
882 134 1087 170 PETRONII

437 248 694 301 sanguineam
714 250 879 290 tremula
901 251 1100 302 quatiebat
1119 251 1295 304 lampada
1315 253 1462 294 dextra.

439 307 535 346 haec
558 311 601 346 ut
622 305 755 359 Cocyti
776 307 962 348 tenebras
984 314 1023 347 et
1043 307 1204 348 Tartara
1225 309 1349 361 liquit,

439 363 516 402 alta
535 363 634 415 petit
654 363 838 414 gradiens
858 364 948 416 iuga
969 364 1114 405 nobilis
1134 365 1377 417 Appennini,

364 426 422 459 280
443 420 548 460 unde
570 432 709 460 omnes
729 425 854 461 terras
876 428 993 473 atque
1014 422 1147 462 omnia
1167 422 1282 462 litora
1302 430 1437 475 posset

438 477 614 530 aspicere
635 489 680 517 ac
702 484 785 518 toto
806 478 1004 518 fluitantes
1025 478 1123 518 orbe
1144 485 1331 527 catervas,

441 539 559 586 atque
578 534 649 574 has
670 535 844 587 erumpit
864 535 1080 575 furibundo
1102 541 1265 588 pectore
1285 549 1422 577 voces:

442 591 611 631 “sumite
633 603 742 631 nunc
763 597 909 643 gentes.
923 593 1101 632 accensis
1120 593 1321 633 mentibus
1341 605 1460 643 arma,

442 648 584 688 sumite
605 653 644 687 et
665 648 705 687 in
727 648 874 689 medias
894 649 1090 689 immittite
1110 649 1309 702 lampadas
1330 650 1462 691 urbes.

362 710 419 744 285
439 705 630 753 vincetur,
654 705 884 757 quicunque
904 705 1017 754 latet;
1040 718 1122 746 non
1145 707 1291 746 femina
1312 713 1449 756 cesset,

444 774 525 801 non
547 773 649 813 puer
669 767 737 801 aut
757 773 850 801 aevo
874 762 950 802 iam
972 762 1143 802 desolata
1164 769 1370 813 senectus;

442 818 524 870 ipsa
545 823 686 857 tremat
705 818 822 858 tellus
838 818 1086 871 lacerataque
1106 825 1209 860 tecta
1229 819 1437 860 rebellent.

442 880 486 914 tu
507 874 646 926 legem,
669 874 863 924 Marcelle,
884 881 989 916 tene.
1030 882 1073 915 tu
1094 882 1264 917 concute
1285 876 1454 929 plebem,

444 931 577 971 Curio.
618 937 663 972 tu
683 933 824 972 fortem
847 946 898 973 ne
919 933 1134 985 supprime,
1157 933 1338 982 Lentule,
1359 934 1534 974 Martem.

365 994 422 1028 290
443 988 536 1040 quid
558 1001 679 1040 porro
701 994 758 1037 tu,
780 989 879 1038 dive,
900 990 979 1030 tuis
1000 990 1200 1030 cunctaris
1220 990 1262 1030 in
1284 991 1415 1039 armis,

445 1057 527 1084 non
550 1045 699 1098 frangis
719 1051 866 1098 portas,
890 1059 971 1086 non
996 1047 1118 1087 muris
1140 1047 1283 1099 oppida
1304 1047 1422 1088 solvis

442 1102 727 1154 thesaurosque
748 1102 884 1155 rapis?
907 1103 1036 1144 nescis
1057 1110 1112 1152 tu,
1134 1104 1289 1156 Magne,
1310 1104 1413 1144 tueri

445 1159 643 1199 Romanas
663 1159 804 1200 arces?
831 1160 1041 1213 Epidamni
1061 1161 1219 1200 moenia
1240 1172 1386 1213 quaere

445 1215 772 1268 Thessalicosque
792 1217 904 1258 sinus
925 1218 1098 1257 humano
1120 1218 1313 1270 sanguine
1333 1216 1511 1269 tingue’'.

366 1279 423 1312 295
500 1273 647 1312 sactum
669 1279 728 1313 est
749 1274 789 1313 in
805 1274 935 1322 terris,
959 1274 1145 1326 quicquid
1168 1274 1371 1314 Discordia
1392 1273 1516 1314 iussit'

985 1345 1009 1370 *

389 1399 481 1426 cum
519 1387 617 1426 haec
646 1386 864 1439 Eumolpos
903 1387 1055 1439 ingenti
1094 1387 1336 1428 volubilitate
1375 1386 1588 1427 verborum
1618 1386 1700 1434 effu>

276 1443 409 1491 disset,
430 1444 590 1483 tandem
613 1443 785 1483 Crotona
806 1444 1050 1484 intravimus.
1082 1444 1151 1484 ubi
1173 1444 1329 1497 quidem
1351 1456 1472 1496 parvo
1494 1442 1700 1485 deversorii

275 1500 426 1548 refecti,
448 1505 610 1552 postero
633 1500 693 1540 die
716 1501 916 1553 amplioris
937 1502 1122 1541 fortunae
1143 1501 1304 1541 domum
1330 1506 1566 1552 quaerentes
1581 1498 1703 1541 inciw

276 1569 364 1597 mus
386 1557 426 1596 in
448 1557 603 1597 turbam
633 1557 954 1609 heredipetarum
985 1557 1287 1607 sciscitantium,
1319 1557 1425 1610 quod
1446 1570 1572 1611 genus
1593 1552 1705 1604 homi¹

280 1625 376 1654 num
397 1619 464 1653 aut
483 1613 590 1653 unde
610 1614 846 1654 veniremus.
879 1627 925 1654 ex
946 1615 1191 1667 praescripto
1212 1627 1307 1667 ergo
1328 1614 1483 1655 consilii
1499 1627 1658 1655 commu
1671 1632 1706 1663 ψ

280 1676 510 1724 exaggerata
540 1670 749 1711 verborum
781 1671 1043 1720 volubilitate,
1074 1672 1181 1712 unde
1209 1677 1278 1712 aut
1298 1671 1367 1724 qui
1389 1683 1585 1721 essemus,
1615 1671 1665 1711 ha

279 1727 399 1768 dubie
438 1727 694 1768 credentibus
729 1728 999 1768 indicavimus.
1027 1726 1033 1782 Ι
1061 1729 1127 1780 qui
1158 1728 1289 1769 statim
1319 1741 1415 1781 opes
1445 1740 1535 1770 suas
1564 1740 1692 1769 sumu

281 1796 371 1825 cum
393 1784 608 1824 certamine
628 1785 669 1824 in
692 1784 932 1836 Eumolpum
954 1792 1254 1837 congesserunt.

396 1841 576 1881 certatim
619 1853 757 1881 omnes
788 1841 1039 1894 heredipetae
1075 1842 1308 1882 muneribus
1338 1842 1504 1894 gratiam
1535 1841 1700 1882 Eumo

283 1898 495 1939 sollicitant

992 1951 1017 1978 *

396 2010 489 2051 dum
510 2011 608 2051 haec
629 2023 773 2063 magno
796 2017 976 2064 tempore
999 2010 1171 2051 Crotone
1191 2016 1364 2063 aguntur

285 2074 324 2108 et
344 2067 563 2121 Eumolpus
593 2068 776 2108 felicitate
806 2068 948 2120 plenus
977 2067 1123 2120 prioris
1152 2068 1335 2107 fortunae
1356 2073 1461 2108 esset
1479 2066 1624 2108 oblitus
1644 2079 1662 2107 s

283 2131 367 2165 tum
407 2124 528 2173 adeo,
569 2130 613 2165 ut
650 2124 731 2165 suis
769 2125 949 2173 iactaret,
989 2124 1190 2164 neminem
1222 2124 1369 2177 gratiae
1399 2135 1494 2165 suae
1522 2123 1577 2164 ibi
1606 2122 1706 2177 po'

283 2182 468 2222 resistere
489 2181 732 2234 impuneque
752 2194 865 2230 suos,
886 2181 919 2222 si
940 2181 1034 2233 quid
1055 2180 1313 2233 deliquissent
1333 2181 1374 2221 in
1397 2193 1442 2222 ea
1461 2179 1575 2230 urbe,
1597 2179 1701 2236 ben,

285 2239 374 2278 ficio
385 2238 601 2278 amicorum
618 2239 778 2279 laturos.
811 2244 988 2278 ceterum
1005 2249 1093 2289 ego,
1110 2238 1183 2278 etsi
1199 2237 1374 2290 quotidie
1385 2237 1510 2291 magis
1519 2237 1660 2289 magis·

285 2295 621 2348 superfluentibus
659 2295 776 2335 bonis
805 2295 1027 2346 saginatum
1058 2307 1204 2346 corpus
1233 2281 1707 2358 impleveramzmutabm}

286 2364 363 2404 que
394 2364 415 2391 a
446 2351 623 2392 custodia
664 2352 741 2392 mei
773 2352 983 2392 removisse
1016 2352 1167 2391 vultum
1198 2351 1437 2400 Fortunam,
1471 2356 1605 2392 tamen
1640 2365 1704 2407 ³²22?

284 2408 373 2461 pius
393 2414 473 2448 tam
494 2409 824 2450 consuetudinem
844 2420 971 2449 meam
988 2407 1208 2461 cogitabam
1224 2420 1341 2460 quam
1358 2419 1526 2458 causam,
1547 2412 1588 2448 et
1603 2410 1642 2460 ‘q
1680 2408 1696 2461 ’ζ

399 2510 463 2543 277
489 2510 675 2553 sanguinea
702 2509 879 2544 tremulam
903 2509 1100 2543 Samene-us
1127 2507 1140 2553 ΙΙ
1168 2509 1233 2543 293
1259 2508 1350 2542 acies
1371 2508 1375 2553 Ι
1396 2507 1534 2541 nomina
1561 2507 1588 2540 0
1615 2507 1629 2552 ΙΙ

289 2553 441 2588 Romano
468 2554 688 2588 Cornelissen
712 2555 725 2599 ss
749 2557 768 2589 2
794 2554 944 2599 quidem]
969 2555 1056 2588 haec
1079 2557 1112 2587 et
1130 2556 1304 2597 promima
1328 2554 1525 2596 depravata
1548 2554 1592 2586 ab
1623 2567 1650 2581 ,ι

286 2603 434 2642 macore,
460 2600 555 2633 velut
578 2602 636 2634 hic
660 2600 806 2644 primum
830 2601 864 2634 in
890 2600 1153 2642 comgmdm,
1177 2601 1198 2633 6
1222 2599 1417 2633 resecanda
1441 2600 1598 2642 quinque
1622 2607 1657 2630 υ

288 2646 370 2679 bula
388 2645 400 2689 ΙΙ
420 2646 461 2679 13
486 2644 572 2689 suis]
597 2646 742 2680 subinde
767 2647 958 2688 Iacobsius,
983 2645 1118 2690 saepius
1142 2644 1236 2690 egon
1258 2646 1298 2679 17
1323 2648 1395 2679 tum
1420 2643 1634 2687 Scaligeran
1677 2654 1703 2691 {fe
