1728 2886
655 138 840 173 SATIRAE
1405 142 1458 180 69

93 263 165 304 pro
186 252 388 292 consortio
408 252 628 292 studiorum
648 253 850 293 commoda
872 266 1044 294 manum.
1083 267 1190 295 mors
1210 255 1328 303 venit,
1350 268 1462 307 quae,

18 304 111 357 ῶεί
139 319 212 360 per
240 314 278 348 te
311 321 391 348 non
423 309 533 357 licet,
565 315 694 361 potest
724 322 809 349 esse
834 322 907 362 pro
929 311 1117 351 munere'.
1158 311 1370 351 inundatus
1390 312 1463 352 hac

30 356 251 416 ,Eumolpus
281 365 421 404 invidia
452 365 554 404 iurat
582 377 656 417 per
684 366 779 406 deos
809 366 978 418 deasque
1008 380 1050 407 se
1081 380 1210 419 neque
1239 368 1340 408 scire
1371 369 1463 420 quid

31 420 230 468 §ecideriss
252 433 326 460 nec
347 421 466 460 ullum
489 421 621 461 dolum
642 421 784 461 malum
806 423 970 462 consilio
993 424 1225 472 adhibuisse,
1247 425 1314 464 sed
1331 431 1464 464 mente

27 475 317 530 ¹§implicissima
348 484 387 516 et
416 489 504 517 vera
535 477 610 518 fide
640 479 680 517 in
713 478 907 530 navigium
941 480 1104 519 comites
1134 480 1352 530 induxisse,
1385 494 1463 533 quo

32 530 119 586 [ipse
148 533 224 573 iam
255 533 406 585 pridem
437 534 556 574 fuerit
584 547 740 574 usurus.
781 540 893 586 ‘quae
923 542 1052 575 autem
1084 535 1146 575 hic
1176 537 1339 576 insidiae
1359 538 1463 577 sunt'

33 586 164 641 lnquit
183 593 262 630 ‘aut
281 590 369 641 quis
390 590 596 630 nobiscum
620 591 812 630 Hannibal
834 590 1016 643 navigat?
1048 592 1187 632 Lichas
1212 593 1464 642 Tarentinus,

34 645 153 686 homo
191 647 545 687 verecundissimus
585 654 624 687 et
654 660 734 687 non
766 653 919 687 tantum
949 649 1066 688 huius
1096 649 1238 700 navigii
1268 649 1464 698 dominus,

35 702 141 754 quod
172 703 293 754 regit,
325 703 392 742 sed
422 704 636 743 fundorum
660 705 775 743 etiam
797 705 945 756 aliquot
966 712 1004 744 et
1024 705 1191 745 familiae
1213 706 1463 757 negotiantis,

37 770 139 799 onus
175 760 431 799 deferendum
462 761 508 799 ad
539 766 753 800 mercatum
785 762 982 801 conducit.
1024 762 1086 801 hic
1117 768 1176 802 est
1205 762 1370 814 Cyclops
1401 762 1464 802 ille

36 820 76 854 et
94 816 326 868 archipirata
339 846 348 861 ‚
370 817 432 855 cui
455 822 651 856 vecturam
671 817 879 866 debemus3
901 824 939 857 et
959 824 1117 870 praeter
1136 818 1243 858 hunc
1264 818 1466 871 Tryphae·

36 882 104 918 na,
126 872 301 911 omnium
324 873 559 913 feminarum
579 874 878 922 formosissima,
901 887 1000 925 quae
1022 875 1231 927 voluptatis
1251 887 1367 915 causa
1388 876 1466 915 huc

36 933 152 979 etque
181 928 272 968 illuc
302 929 503 968 vectatur.’
544 930 596 969 ‘hi
627 931 732 970 sunt’
762 931 892 982 inquit
912 931 1029 970 Giton
1063 934 1174 982 ‘quos
1204 931 1387 982 fugimus'
1412 932 1465 971 si-

37 983 195 1036 mulque
225 985 364 1036 raptim
396 998 532 1025 causas
562 986 742 1026 odiorum
772 993 810 1026 et
838 987 991 1027 instans
1013 988 1231 1039 periculum
1254 988 1466 1040 trepidanti

36 1039 228 1093 Eumolpo
251 1041 425 1092 exponit.
467 1043 656 1082 confusus
678 1043 740 1082 ille
763 1050 801 1082 et
822 1044 974 1083 consilii
997 1056 1117 1095 egens
1139 1044 1247 1083 iubet
1268 1056 1466 1096 quemque

37 1107 147 1138 suam
167 1098 402 1137 sententiam
422 1110 606 1150 promere
627 1104 666 1138 et
681 1099 842 1151 ‘fingite'
859 1100 987 1151 inquit
1004 1106 1090 1139 ‘nos
1110 1106 1267 1139 antrum
1285 1100 1466 1153 Cyclopis

36 1151 217 1195 intrasse.
276 1155 544 1205 quaerendum
586 1161 645 1195 est
674 1155 832 1207 aliquod
864 1156 1073 1207 effugium,
1112 1157 1186 1196 nisi
1219 1157 1465 1208 naufragium

37 1210 221 1262 ponimus
251 1216 289 1250 et
318 1211 425 1250 omni
457 1224 529 1251 nos
558 1212 732 1263 periculo
754 1212 992 1252 liberamus.'
1032 1212 1176 1252 ‘immo'
1197 1213 1326 1264 inquit
1347 1213 1465 1253 Giton

39 1266 240 1320 ‘persuade
270 1267 545 1318 gubernatori,
583 1274 626 1307 ut
655 1269 694 1307 in
728 1269 895 1320 aliquem
928 1276 1086 1321 portum
1119 1281 1254 1308 navem
1286 1269 1465 1317 deducat,

37 1333 118 1363 non
149 1323 234 1363 sine
264 1324 437 1375 praemio
468 1324 635 1371 scilicet,
669 1331 708 1364 et
727 1326 876 1364 affirma
902 1326 936 1365 ei
958 1326 1227 1377 impatientem
1248 1326 1366 1366 maris
1387 1327 1465 1365 fra-

37 1381 136 1419 trem
165 1385 277 1419 tuum
307 1380 344 1419 in
368 1380 513 1420 ultimis
542 1393 638 1421 esse.
679 1382 827 1433 poteris
847 1382 949 1421 hanc
969 1382 1259 1422 simulationem
1280 1389 1318 1422 et
1337 1383 1467 1422 vultus

37 1436 270 1476 confusione
310 1442 348 1476 et
384 1437 554 1477 lacrimis
592 1437 848 1485 obumbrare,
889 1444 932 1478 ut
968 1439 1234 1478 misericordia
1265 1445 1467 1490 permotus

37 1491 278 1544 gubernator
308 1493 506 1545 indulgeat
536 1494 633 1533 tibi.'
684 1495 839 1546 negavit
868 1495 943 1534 hoc
975 1495 1191 1548 Eumolpus
1221 1495 1305 1534 fieri
1336 1508 1465 1547 posse,

39 1548 142 1600 ‘quia
162 1548 317 1600 magna’
337 1550 465 1600 inquit
486 1551 650 1602 ‘navigia
671 1550 864 1602 portubus
885 1563 927 1590 se
948 1552 1115 1591 curvatis
1135 1551 1359 1599 insinuant,
1392 1564 1466 1591 nec

38 1609 116 1645 tam
138 1606 215 1644 cito
236 1606 395 1644 fratrem
417 1606 605 1647 defecisse
627 1607 705 1646 veri
726 1607 849 1647 simile
871 1607 957 1649 erit.
993 1607 1143 1647 accedit
1163 1608 1236 1655 his,
1257 1609 1362 1659 quod
1384 1609 1465 1648 sor-

36 1661 138 1703 sitan
160 1661 300 1701 Lichas
330 1662 447 1702 officii
478 1675 592 1702 causa
623 1664 745 1702 visere
777 1664 1027 1714 languentem
1057 1664 1305 1704 desiderabit.
1345 1664 1464 1713 vides,

37 1729 155 1770 quam
184 1718 291 1757 valde
323 1718 437 1758 nobis
467 1719 666 1770 expediat,
698 1719 802 1759 ultro
827 1720 1028 1759 dominum
1051 1721 1097 1760 ad
1118 1720 1313 1772 fugientes
1334 1733 1467 1760 accer-

36 1784 136 1815 flere.
177 1774 244 1814 sed
266 1775 369 1826 finge
392 1787 529 1814 navem
550 1775 598 1815 ab
626 1776 775 1827 ingenti
798 1789 914 1828 posse
935 1788 1052 1816 cursu
1075 1777 1227 1816 deflecti
1249 1783 1288 1817 et
1308 1777 1465 1817 Licham

38 1841 119 1871 non
141 1831 276 1882 utique
296 1831 592 1871 circumiturum
613 1844 819 1883 aegrorum
841 1832 1002 1872 cubilia:
1035 1833 1232 1885 quomodo
1255 1846 1467 1886 possumus

37 1885 169 1938 egredi
199 1899 317 1934 nave,
347 1895 392 1927 ut
422 1901 501 1927 non
525 1889 816 1940 conspiciamur
836 1901 855 1928 a
877 1888 1058 1929 cunctis?
1089 1890 1237 1941 opertis
1258 1891 1464 1942 capitibus,

38 1953 88 1983 an
110 1941 251 1983 nudis?
282 1944 449 1995 opertis,
471 1950 509 1984 et
529 1945 618 1996 quis
638 1958 718 1984 non
742 1945 834 1985 dare
854 1958 1015 1985 manum
1036 1946 1315 1997 languentibus
1334 1946 1466 1986 volet?

40 1998 174 2047 nudis,
204 2006 244 2039 et
273 2000 364 2052 quid
397 2001 470 2040 erit
490 2001 594 2040 aliud
615 2014 731 2053 quam
754 2014 795 2042 se
815 2002 921 2054 ipsos
943 2003 1190 2054 proscribere
1201 2001 1232 2041 Υ
1264 2004 1371 2054 ‘quin
1395 2015 1470 2054 po-

38 2054 128 2096 tius’
147 2055 306 2108 inquam
329 2069 401 2109 ego
422 2058 492 2096 ‘ad
514 2059 770 2098 temeritatem
792 2059 1043 2109 confugimus
1064 2064 1103 2098 et
1124 2071 1194 2110 per
1214 2060 1349 2099 sunem
1370 2059 1468 2111 lapsi

38 2109 312 2152 descendimus
341 2113 381 2152 in
412 2114 596 2165 scapham
626 2115 883 2166 praecisoque
914 2115 1071 2154 vinculo
1103 2115 1253 2166 reliqua
1284 2116 1467 2155 fortunae

38 2167 343 2209 committimus?
383 2183 456 2209 nec
496 2182 568 2222 ego
601 2171 639 2210 in
682 2172 756 2210 hoc
794 2172 1014 2223 periculum
1045 2171 1267 2223 Eumolpon
1299 2184 1467 2212 arcesso.

41 2223 132 2277 quid
162 2225 268 2265 enim
296 2226 436 2266 attinet
464 2227 719 2267 innocentem
748 2228 876 2267 alieno
907 2228 1083 2280 periculo
1104 2227 1340 2280 imponere?
1371 2241 1468 2268 con-

40 2283 173 2322 tentus
200 2293 299 2330 sum,
329 2283 361 2322 si
395 2295 466 2323 nos
495 2283 780 2324 descendentes
807 2285 996 2324 adiuverit
1015 2284 1154 2324 casus.’
1199 2288 1292 2324 ‘non
1315 2285 1466 2338 impru-

41 2333 149 2377 dens'
169 2337 297 2390 inquit
316 2339 551 2379 ‘consilium'
573 2340 789 2392 Eumolpos
810 2341 854 2380 ‘si
875 2341 1020 2380 aditum
1043 2341 1216 2380 haberet.
1253 2341 1340 2393 quis
1360 2341 1465 2381 enim

42 2401 122 2433 non
143 2400 281 2434 euntes
302 2394 482 2435 notabit?
512 2396 647 2448 utique
668 2397 930 2448 gubernator,
954 2397 1020 2448 qui
1043 2397 1206 2449 pervigil
1227 2403 1344 2438 nocte
1364 2398 1466 2438 side-

38 2458 125 2490 rum
146 2462 302 2502 quoque
322 2458 453 2492 motus
472 2453 653 2492 custodit.
686 2459 723 2492 et
743 2460 946 2505 utcunque
967 2454 1118 2505 imponi
1140 2454 1237 2494 nihil
1257 2454 1466 2494 dormienti

156 2541 171 2573 1
198 2538 232 2572 id
255 2543 307 2573 est
323 2549 384 2583 pro
402 2540 415 2582 Ι
433 2542 472 2575 18
490 2545 524 2574 et
541 2542 709 2574 communi
728 2541 916 2582 Jacobeius,
943 2545 978 2575 et
994 2542 1085 2574 omni
1102 2541 1203 2575 modo
1225 2552 1290 2585 ego
1306 2541 1318 2586 ΙΙ
1338 2543 1381 2576 24
1391 2542 1469 2582 for-

42 2581 134 2617 hue
154 2584 344 2618 seeundum
370 2585 530 2628 Lipeium
554 2586 727 2629 gravatius
745 2586 758 2630 ΙΙ
776 2587 817 2620 27
844 2586 1004 2620 accedere
1024 2585 1036 2630 ΙΙ
1053 2588 1095 2621 28
1121 2589 1252 2630 urgenti
1276 2587 1469 2628 Ree‘skiusll

43 2625 88 2662 8⁸
108 2627 300 2673 impendere
325 2630 503 2663 Iac-obsim
521 2631 533 2675 1
551 2632 591 2665 37
619 2634 789 2674 temptavi
812 2631 980 2665 adiuverit
1004 2634 1121 2666 custos
1139 2632 1151 2676 ΙΙ
1169 2633 1210 2668 40
1236 2632 1332 2674 nihil]
1358 2634 1410 2666 vel

1505 2001 1584 2045 102
