1728 2886
26 79 34 91 -‘
14 52 40 70 13
14 0 49 46 {effe

663 126 848 160 SATlRAE
1420 127 1473 165 43

159 252 232 279 nec
263 253 342 279 non
366 241 598 280 Trimalchio
628 241 711 292 ipse
743 253 831 280 cum
860 241 1053 280 tubicines
1074 248 1176 281 esset
1205 242 1396 288 imitatus,
1427 243 1474 282 ad

46 296 201 339 delicias
229 309 318 336 suas
348 297 537 349 respexit,
569 309 684 348 quem
716 296 902 337 Croesum
934 297 1163 348 appellabat.
1215 311 1316 351 puer
1345 305 1473 339 autem

14 352 194 406 ³}stlippus,
215 353 490 394 sordidissimis
511 353 712 399 dentibus,
735 354 911 393 catellam
933 354 1086 405 nigram
1106 360 1222 405 atque
1244 355 1475 396 indecenter

31 408 232 462 *pinguem
262 410 419 461 prasina
446 409 664 450 involvebat
692 410 809 449 fascia
840 422 1061 462 panemque
1081 412 1280 451 semissem
1302 412 1474 464 ponebat

23 478 162 518 super
190 472 320 505 torum
342 474 457 518 atque
478 462 579 521 [hac]
602 478 744 506 nausea
766 473 1013 507 recusantem
1043 467 1257 517 saginabat.
1299 481 1376 520 quo
1407 470 1474 509 ad—

42 522 216 568 monitus
255 523 372 562 officii
403 523 638 562 Trimalchio
670 522 868 575 Scylacem
899 523 1010 563 iussit
1048 523 1186 563 adduci
1216 525 1473 576 ‘praesidium

41 579 180 619 domus
209 579 452 631 familiaeque
464 579 486 618 ’.
547 592 620 619 nec
650 591 781 626 mora,
812 580 984 632 ingentis
1014 580 1164 619 formae
1195 581 1385 621 adductus
1416 589 1474 621 est

15 645 21 656 ³
43 635 151 676 canis
181 642 317 676 catena
346 636 520 684 vinctus,
560 636 860 687 admonitusque
891 636 1036 677 ostiarii
1067 636 1190 685 calce,
1223 643 1267 676 ut
1297 637 1471 683 cubaret,

43 697 134 732 ante
163 705 338 732 mensam
370 705 411 732 se
441 692 584 744 posuit.
624 699 706 732 tum
738 693 973 732 Trimalchio
1003 693 1151 732 iactans
1175 694 1383 734 candidum
1405 707 1471 746 pa—

43 761 134 788 nem
165 749 308 788 ‘nemo’
338 749 466 800 inquit
496 749 548 789 ‘in
587 749 703 789 domo
734 761 819 789 mea
854 762 916 789 me
956 750 1044 801 plus
1082 750 1206 789 amat'.
1247 750 1473 802 indignatus

41 817 153 857 puer,
175 805 281 856 quod
302 805 502 857 Scylacem
524 812 602 845 tam
625 806 746 846 effuse
766 806 958 854 laudaret,
981 806 1156 846 catellam
1178 807 1217 845 in
1240 813 1383 847 terram
1405 808 1472 847 de-

42 861 173 913 posuit
202 862 456 912 hortatusque
480 869 550 909 est,
582 868 625 901 ut
644 862 689 901 ad
712 862 834 902 rixam
855 870 1098 915 properaret.
1140 863 1298 915 Scylax,
1330 865 1472 904 canino

40 917 188 957 scilicet
212 930 306 957 usus
326 918 508 968 ingenio,
539 919 762 958 taeterrimo
783 919 921 959 latratu
944 919 1156 959 triclinium
1178 920 1350 972 implevit
1370 921 1472 960 Mar-

41 973 280 1026 garitamque
312 973 442 1013 Croesi
472 986 597 1026 paene
636 975 828 1014 laceravit.
889 988 961 1015 nec
992 976 1095 1015 intra
1125 977 1246 1015 rixam
1282 977 1472 1018 tumultus

41 1029 234 1078 constitit,
265 1030 331 1070 sed
363 1030 639 1070 candelabrum
671 1031 784 1070 etiam
816 1044 935 1083 super
955 1044 1129 1072 mensam
1150 1045 1327 1072 eversum
1349 1040 1388 1073 et
1407 1047 1471 1073 va-

41 1098 83 1127 sa
102 1086 231 1126 omnia
262 1087 482 1138 crystallina
513 1087 742 1127 comminuit
763 1095 801 1127 et
823 1088 910 1127 oleo
931 1089 1096 1128 ferventi
1117 1089 1266 1140 aliquot
1290 1091 1471 1130 convivas

40 1142 237 1195 respersit.
287 1143 522 1183 Trimalchio
545 1157 594 1183 ne
615 1143 810 1183 videretur
830 1144 978 1184 iactura
1002 1151 1152 1193 motus,
1182 1145 1343 1186 basiavit
1372 1159 1470 1198 pue-

40 1211 127 1240 rum
157 1211 202 1239 ac
231 1199 342 1239 iussit
371 1212 490 1252 super
519 1200 676 1241 dorsum
709 1202 921 1241 ascendere
941 1214 1067 1242 suum.
1111 1215 1190 1241 non
1212 1209 1387 1243 moratus
1408 1203 1470 1242 ille

41 1267 134 1296 usus
162 1262 214 1296 est
243 1269 344 1308 equo
375 1269 573 1308 manuque
603 1258 718 1309 plena
748 1258 927 1310 scapulas
951 1259 1034 1299 eius
1054 1258 1220 1299 subinde
1243 1258 1470 1308 verberavit,

39 1310 220 1364 interque
239 1313 360 1352 risum
382 1313 652 1365 proclamavit:
684 1313 841 1362 ‘bucca‚
873 1314 1018 1363 bucca,
1043 1321 1139 1367 quot
1159 1322 1252 1355 sunt
1272 1314 1376 1356 hic?’
1408 1329 1470 1356 re-

37 1380 196 1422 pressus
235 1381 328 1420 ergo
368 1370 604 1422 aliquamdiu
634 1370 868 1411 Trimalchio
907 1372 1107 1412 camellam
1141 1371 1330 1423 grandem
1360 1373 1470 1413 iussit

38 1435 191 1465 misceri

37 1481 218 1534 potiones
247 1481 361 1522 dividi
393 1482 576 1522 omnibus
606 1483 745 1530 servis,
777 1483 844 1534 qui
873 1483 920 1523 ad
941 1485 1061 1537 pedes
1081 1484 1290 1533 sedebant,
1322 1485 1470 1525 adiecta

37 1538 287 1590 exceptione:
311 1539 355 1578 ‘si
378 1539 476 1590 quis'
493 1539 622 1590 inquit
636 1539 820 1579 ‘noluerit
839 1541 1029 1593 accipere,
1051 1547 1168 1593 caput
1189 1541 1242 1580 illi
1263 1542 1469 1593 perfunde.

36 1592 207 1634 interdiu
228 1606 375 1641 severa,
397 1607 506 1634 nunc
526 1595 686 1635 hilaria'.

148 1651 250 1690 hanc
279 1651 560 1691 humanitatem
590 1652 790 1692 insecutae
820 1659 912 1692 sunt
941 1659 1125 1700 matteae,
1157 1665 1322 1704 quarum
1352 1655 1467 1694 etiam
1483 1656 1535 1696 65

35 1707 255 1747 recordatio
286 1720 360 1755 me,
391 1708 422 1748 si
453 1720 528 1759 qua
559 1714 618 1747 est
638 1709 781 1748 dicenti
803 1709 918 1757 fides,
949 1710 1125 1764 offendit.
1166 1710 1343 1763 singulae
1364 1712 1470 1751 enim

35 1763 201 1814 gallinae
230 1763 355 1804 altiles
384 1776 457 1816 pro
487 1764 612 1804 turdis
642 1765 889 1805 circumlatae
921 1773 1014 1806 sunt
1043 1773 1082 1806 et
1102 1779 1172 1806 ova
1193 1767 1374 1807 anserina
1395 1768 1470 1820 pil-

35 1818 157 1867 leata,
188 1831 287 1871 quae
318 1826 360 1860 ut
390 1833 673 1870 comessemus‚
704 1821 1014 1862 ambitiosissime
1044 1836 1068 1863 a
1099 1823 1212 1863 nobis
1234 1823 1469 1864 Trimalchio

36 1875 147 1928 petiit
176 1875 310 1916 dicens
341 1883 535 1917 exossatas
566 1890 650 1917 esse
681 1878 855 1930 gallinas.
896 1879 1000 1919 inter
1030 1879 1124 1919 haec
1154 1879 1314 1920 triclinii
1344 1880 1469 1921 valvas

35 1929 151 1972 lictor
179 1933 391 1984 percussit,
421 1934 662 1986 amictusque
693 1941 796 1974 veste
828 1934 915 1975 alba
945 1948 1035 1976 cum
1066 1936 1217 1988 ingenti
1247 1937 1467 1988 frequentia

37 1989 270 2029 comissator
298 1989 466 2030 intravit.
509 2003 581 2043 ego
612 1991 812 2031 maiestate
844 1993 1082 2032 conterritus
1111 1999 1332 2044 praetorem
1355 2000 1467 2045 puta-

36 2042 126 2086 bam
144 2045 307 2086 venisse.
337 2046 466 2098 itaque
486 2048 668 2099 temptavi
690 2060 895 2100 assurgere
916 2055 954 2088 et
975 2049 1101 2089 nudos
1122 2049 1241 2101 pedes
1262 2050 1299 2088 in
1322 2056 1465 2090 terram

36 2100 199 2147 deferre.
248 2102 332 2142 risit
362 2103 463 2142 hanc
503 2104 803 2155 trepidationem
835 2107 1102 2157 Agamemnon
1141 2112 1179 2145 et
1210 2106 1385 2146 ‘contine
1415 2107 1466 2146 te’

36 2156 163 2209 inquit
192 2158 330 2199 ‘homo
360 2159 598 2200 stultissime.
659 2160 859 2201 Habinnas
890 2162 991 2201 sevir
1021 2169 1078 2203 est
1108 2162 1289 2213 idemque
1319 2163 1465 2215 lapida-

36 2213 140 2263 rius,
161 2215 227 2267 qui
247 2215 400 2255 videtur
419 2223 673 2257 monumenta
697 2219 842 2270 optime
863 2218 1017 2258 facere.’
1266 2233 1270 2238 ·

147 2277 343 2312 recreatus
365 2272 441 2313 hoc
461 2285 643 2314 sermone
665 2275 823 2326 reposui
854 2275 1028 2315 cubitum
1042 2306 1051 2322 ,
1083 2274 1383 2326 Habinnamque
1403 2276 1465 2316 in-

37 2331 204 2368 trantem
244 2341 332 2368 cum
372 2329 627 2370 admiratione
662 2331 812 2383 ingenti
842 2331 1079 2383 spectabam.
1139 2331 1202 2371 ille
1232 2338 1360 2372 autem
1391 2332 1464 2372 iam

38 2382 170 2425 ebrius
199 2385 331 2425 uxoris
361 2398 453 2426 suae
483 2387 630 2428 umeris
651 2387 890 2439 imposuerat
910 2401 1070 2436 manus,
1102 2395 1365 2440 oneratusque
1396 2389 1465 2429 ali-

148 2530 171 2564 4
193 2539 360 2564 semesum
386 2531 614 2565 Burmannus
631 2532 643 2575 u
663 2535 682 2566 5
707 2531 771 2566 hoc
795 2535 859 2565 aut
883 2532 968 2566 hanc
986 2533 1223 2566 Hadrianidee
1241 2532 1290 2577 116
1316 2533 1434 2568 officio
1451 2536 1463 2577 ΙΙ

38 2572 234 2652 ξῧίκεῐί
267 2579 301 2609 et.
325 2576 481 2618 potiones
506 2578 693 2611 Antonius.
740 2588 863 2610 vereor
903 2588 947 2610 ne
977 2578 1084 2620 plura
1117 2578 1233 2611 desint
1259 2578 1272 2623 ΙΙ
1303 2581 1346 2614 36
1371 2579 1464 2613 vide-
