1728 2886
677 131 863 166 SATlRAE
1431 132 1483 170 55

323 313 411 341 vera
434 301 536 342 redit
557 302 688 350 facies,
710 301 802 341 dum
823 302 1001 342 simulata
1022 303 1137 355 perit.

0 163 11 211 ’Ξ

4 212 55 352 ἕο
255 257 345 284 mox
367 245 434 285 ubi
455 244 637 286 ridendas
656 245 815 285 inclusit
834 246 975 298 pagina
996 251 1138 298 partes,

0 354 10 442 l

167 425 241 453 nec
271 413 334 453 diu
358 420 486 454 tamen
517 414 687 454 lacrimis
715 414 881 463 indulsi,
913 415 980 455 sed
1012 415 1179 463 veritus,
1211 428 1260 455 ne
1282 415 1483 455 Menelaus
1498 417 1547 458 81

0 490 3 513 ι
53 470 166 512 etiam
197 470 506 511 antescholarius
536 471 640 511 inter
660 476 790 510 cetera
821 471 920 510 mala
951 471 1078 511 solum
1100 484 1162 510 me
1193 472 1233 511 in
1256 472 1482 512 deversorio

0 542 2 579 ζ
52 526 270 574 inveniret,
310 527 447 579 collegi
481 528 697 567 sarcinulas
725 528 935 579 locumque
966 533 1161 568 secretum
1193 534 1231 567 et
1260 528 1483 580 proximum

0 604 3 610 v
51 583 155 624 litori
178 589 346 624 maestus
376 584 559 624 conduxi.
599 583 654 623 ibi
674 583 804 624 triduo
826 584 1002 624 inclusus
1022 583 1213 623 redeunte
1235 584 1274 624 in
1307 585 1482 624 animum

0 653 3 656 ’
51 639 263 680 solitudine
282 646 398 692 atque
428 646 660 693 contemptu
682 640 933 680 verberabam
954 652 1115 692 aegrum
1136 640 1359 692 planctibus
1389 653 1483 692 pec-

50 703 113 737 tus
137 694 144 748 Ι
171 702 211 736 et
231 697 334 736 iuter
354 702 412 737 tot
431 697 637 738 altissimos
666 697 834 749 gemitus
864 698 1096 749 frequenter
1126 697 1240 737 etiam
1263 697 1482 749 proclama-

52 753 163 792 bam:
215 756 322 804 ‘ergo
358 766 419 793 me
451 766 531 794 non
563 754 678 793 ruina
707 760 811 793 terra
842 754 969 806 potuit
998 752 1186 794 haurire?
1226 767 1307 794 non
1340 754 1481 794 iratum

51 810 164 849 etiam
203 809 485 850 innocentibus
515 809 652 850 mare?
693 810 811 861 effugi
841 810 1050 859 iudicium,
1090 811 1258 850 harenae
1299 811 1482 863 imposui,

52 865 247 917 hospitem
269 866 413 912 occidi,
445 872 487 906 ut
507 867 611 906 inter
631 873 684 906 tot
714 867 896 906 audaciae
928 867 1090 906 nomina
1120 867 1349 915 mendicus,
1380 868 1482 915 exul,

50 921 90 961 in
121 921 343 962 deversorio
374 922 541 962 Graecae
580 923 691 963 urbis
730 923 900 963 iacerem
941 922 1147 963 desertus?
1188 929 1227 963 et
1263 924 1351 976 quis
1380 924 1482 964 hanc

52 977 144 1018 mihi
174 977 423 1018 solitudinem
454 977 670 1031 imposuit?
710 979 941 1019 adulescens
972 980 1079 1019 omni
1110 980 1271 1020 libidine
1303 980 1481 1032 impurus

0 1034 2 1045 ⁵
51 1039 90 1074 et
108 1046 177 1074 sua
197 1046 354 1085 quoque
376 1035 626 1075 confessione
642 1035 786 1086 dignus
806 1036 935 1083 exilio,
957 1041 1095 1088 stupro
1116 1036 1235 1085 liber,
1257 1042 1397 1089 stupro
1419 1037 1480 1076 in-

49 1101 222 1142 genuus,
243 1090 354 1131 cuius
374 1092 468 1131 anni
489 1092 536 1131 ad
557 1098 743 1132 tesseram
764 1093 993 1140 venierunt,
1024 1105 1139 1143 quem
1162 1099 1348 1144 tanquam
1369 1093 1481 1145 puel-

0 1197 2 1200 ·
53 1146 127 1187 lam
147 1147 334 1186 conduxit
354 1148 469 1187 etiam
490 1148 556 1199 qui
577 1148 703 1187 virum
724 1149 882 1200 putavit.
924 1149 1016 1200 quid
1038 1149 1101 1188 ille
1123 1147 1249 1188 alter?
1280 1149 1348 1201 qui
1380 1146 1480 1205 [tan-

50 1199 182 1258 quam]
201 1203 262 1243 die
283 1209 397 1255 togae
417 1205 535 1244 virilis
554 1205 693 1245 stolam
713 1206 901 1257 sumpsit,
923 1205 989 1257 qui
1011 1218 1061 1245 ne
1082 1205 1141 1245 vir
1160 1211 1274 1254 esset,
1304 1218 1326 1245 a
1356 1211 1481 1246 matre

50 1271 259 1312 persuasus
279 1267 356 1308 est,
387 1261 453 1312 qui
486 1274 586 1313 opus
615 1261 807 1301 muliebre
828 1262 868 1301 in
901 1262 1097 1314 ergastulo
1128 1262 1240 1310 fecit,
1273 1263 1342 1314 qui
1372 1269 1481 1315 post-

50 1327 165 1368 quam
185 1316 432 1357 conturbavit
461 1323 499 1357 et
519 1317 692 1358 libidinis
711 1330 803 1359 suae
833 1318 958 1358 solum
989 1319 1123 1368 vertit,
1154 1319 1312 1370 reliquit
1340 1319 1482 1360 veteris

50 1372 240 1413 amicitiae
261 1386 405 1413 nomen
428 1380 477 1421 et,
500 1387 572 1427 pro
594 1375 743 1427 pudor,
765 1381 952 1426 tanquam
974 1375 1118 1415 mulier
1132 1375 1345 1415 secutuleia
1363 1376 1481 1416 unius

50 1429 177 1469 noctis
218 1435 322 1470 tactu
361 1431 491 1470 omnia
537 1431 722 1471 vendidit.
781 1432 911 1471 iacent
949 1444 1058 1472 nunc
1096 1437 1289 1472 amatores
1320 1432 1479 1484 obligati

46 1540 224 1582 tudinem
243 1554 382 1582 meam.
422 1544 489 1583 sed
512 1557 592 1583 non
615 1544 788 1596 impune.
830 1557 920 1584 nam
943 1551 1010 1585 aut
1024 1545 1081 1584 vir
1103 1557 1175 1596 ego
1195 1545 1374 1597 liberque
1398 1558 1477 1585 non

48 1609 148 1646 sum,
169 1605 236 1638 aut
257 1599 374 1638 noxio
395 1600 587 1651 sanguine
607 1600 825 1652 parentabo
846 1601 1012 1641 iniuriae
1032 1601 1166 1640 meae'.

159 1655 254 1695 haec
274 1655 427 1696 locutus
456 1656 583 1708 gladio
614 1657 715 1697 latus
743 1658 883 1709 cingo,
915 1665 954 1697 et
984 1670 1034 1697 ne
1064 1658 1273 1698 infirmitas
1302 1657 1477 1698 militiam
1493 1656 1547 1698 82

47 1711 242 1763 perderet,
263 1711 494 1764 largioribus
515 1712 612 1754 cibis
633 1713 760 1753 excito
780 1714 895 1754 vires.
936 1726 1023 1754 mox
1056 1714 1096 1753 in
1128 1714 1330 1766 publicum
1352 1714 1478 1767 prosi-

48 1765 101 1807 lio
120 1767 365 1820 furentisque
396 1781 506 1809 more
527 1781 666 1810 omnes
694 1770 894 1810 circumeo
927 1770 1114 1822 porticus.
1155 1771 1223 1810 sed
1254 1770 1346 1810 dum
1378 1777 1479 1810 atto-

47 1822 131 1863 nito
159 1824 268 1864 vultu
298 1825 537 1877 efferatoque
568 1826 665 1866 nihil
694 1826 797 1866 aliud
828 1839 946 1878 quam
986 1827 1143 1867 caedem
1175 1834 1212 1867 et
1242 1828 1477 1880 sanguinem

48 1879 177 1932 cogito
206 1881 530 1934 frequentiusque
560 1894 719 1923 manum
758 1883 806 1922 ad
843 1883 1048 1935 capulum,
1088 1896 1205 1935 quem
1235 1884 1478 1931 devoveram,

12 1942 22 1973 i
48 1936 194 1984 refero,
225 1937 370 1977 notavit
400 1950 462 1978 me
493 1938 623 1987 miles,
655 1940 734 1979 sive
763 1939 827 1979 ille
866 1940 1007 1992 planus
1045 1940 1118 1980 fuit
1147 1940 1226 1980 sive
1257 1946 1478 1981 nocturnus

49 1999 266 2044 grassator,
297 1999 335 2034 et
364 1995 470 2046 ‘quid
491 1995 546 2034 tu'
567 1995 695 2047 inquit
717 1996 965 2044 ‘commilito,
999 2009 1046 2036 ex
1076 2009 1152 2048 qua
1173 1996 1328 2048 legione
1350 2010 1391 2037 es
1412 2003 1479 2037 aut

49 2048 160 2090 cuius
187 2049 407 2090 centuria?
445 2063 536 2091 cum
566 2052 883 2093 constantissime
914 2059 951 2092 et
981 2053 1255 2092 centurionem
1288 2058 1326 2093 et
1355 2053 1478 2104 legio-

50 2117 140 2147 aem
160 2118 284 2147 essem
306 2108 538 2156 ementitus,
569 2112 653 2160 ‘age
673 2109 781 2160 ergo’
804 2109 932 2161 inquit
963 2109 1027 2149 ille
1057 2110 1110 2149 ‘in
1143 2109 1316 2149 exercitu
1348 2116 1477 2150 vestro

50 2162 280 2215 phaecasiati
300 2163 441 2205 milites
461 2164 700 2204 ambulant?’
741 2178 830 2206 cum
861 2165 1004 2206 deinde
1024 2166 1132 2206 vultu
1154 2171 1271 2217 atque
1293 2166 1376 2218 ipsa
1396 2172 1478 2206 tre-

13 2223 25 2254 5
50 2217 246 2271 pidatione
284 2221 533 2274 mendacium
572 2222 851 2274 prodidissem,
891 2234 1043 2274 ponere
1072 2235 1131 2263 me
1161 2222 1274 2262 iussit
1303 2234 1408 2262 arma
1439 2229 1478 2263 et

49 2275 149 2315 malo
170 2287 318 2316 cavere.
358 2277 596 2329 despoliatus
617 2291 731 2330 ergo,
764 2279 883 2318 immo
904 2279 1079 2331 praecisa
1110 2278 1261 2318 ultione
1290 2284 1397 2319 retro
1428 2279 1476 2319 ad

50 2331 309 2372 deversorium
338 2333 459 2373 tendo
490 2334 754 2387 paulatimque
784 2335 1002 2375 temeritate
1032 2336 1155 2375 laxata
1184 2336 1296 2388 coepi
1326 2347 1477 2388 grassa·

49 2387 145 2428 toris
172 2389 352 2430 audaciae
372 2390 516 2441 gratias
536 2403 652 2442 agere

163 2490 180 2523 1
205 2489 357 2523 machina
383 2492 518 2524 conieci
544 2491 556 2534 ΙΙ
586 2493 606 2525 2
630 2490 842 2524 dissimulata
869 2490 882 2535 ΙΙ
915 2492 957 2525 14
980 2490 1084 2524 exitio
1107 2492 1301 2525 pithoeana
1318 2491 1330 2535 ss
1351 2493 1391 2526 15
1417 2501 1476 2525 ve·

50 2537 171 2567 nerum
186 2533 200 2578 Ι
219 2535 260 2568 16
276 2534 361 2568 alter
378 2534 432 2569 die
449 2535 506 2580 qui
532 2539 693 2580 tanquam
711 2538 812 2579 togae
830 2536 842 2579 ΙΙ
861 2537 901 2571 21
918 2539 1038 2578 potius
1060 2536 1211 2580 colligati
1227 2535 1241 2581 {l
1260 2537 1302 2571 25
1326 2537 1444 2580 cingor
1464 2538 1474 2575 I:

53 2575 96 2612 28
117 2581 341 2622 etz-pommus
363 2578 573 2624 efferatoque
597 2580 719 2615 incedo
744 2591 786 2614 ac
815 2581 942 2614 deinde
966 2581 1119 2625 cogitans
1148 2581 1160 2625 11
1193 2582 1236 2616 36
1260 2581 1375 2623 immo]
1400 2581 1478 2622 Γον-

52 2622 142 2656 um
163 2625 263 2658 armis
278 2625 292 2668 Ι
309 2627 350 2660 37
376 2626 501 2660 lassata
