1728 2886
672 134 857 169 sarman
1422 131 1486 188 33

5 258 42 295 Π
58 263 246 292 memnon
267 251 362 290 mihi
382 250 600 297 carissime,
632 250 823 302 numquid
844 249 1050 290 duodecim
1071 260 1277 289 aerumnas
1297 248 1476 288 Herculis

60 315 183 355 tenes,
205 314 271 347 aut
290 307 337 347 de
359 307 466 347 Vlixe
486 306 667 354 fabulam,
689 307 1014 358 quemadmodum
1034 306 1088 345 illi
1111 305 1274 358 Cyclops
1293 304 1473 357 pollicem

59 364 223 418 porcino
244 362 435 404 extorsit?
465 362 634 403 solebam
656 363 751 402 haec
773 375 845 414 ego
867 375 966 415 puer
986 363 1087 414 apud
1105 362 1316 402 Homerum
1332 361 1474 413 legere.

60 433 151 462 nam
180 420 363 473 Sibyllam
396 420 549 472 quidem
581 419 711 459 Cumis
741 431 813 482 ego
844 420 928 471 ipse
959 419 1082 458 oculis
1112 418 1208 459 meis
1227 418 1302 458 vidi
1332 418 1372 458 in
1394 429 1474 457 am—

7 487 32 520 δ
60 477 163 530 pulla
184 478 379 530 pendere,
402 483 440 516 et
459 488 548 516 cum
570 476 623 515 illi
644 476 756 528 pueri
777 475 974 515 dicerent·
1006 475 1212 528 Σίβυλλα,
1234 477 1279 516 τί
1298 474 1474 526 θέλεις,·

0 561 1 575 1
59 534 322 586 respondebat
341 534 423 573 illa:
447 526 697 574 ἀποθανεῖν
717 531 867 573 θέλω.’

171 590 345 630 nondum
369 590 563 629 efflaverat
591 589 742 637 omnia,
773 601 862 629 cum
892 588 1165 640 repositorium
1196 600 1285 627 cum
1315 599 1384 627 sue
1414 588 1474 627 in·
1489 588 1542 628 49

59 647 166 699 genti
195 659 370 687 mensam
401 646 615 698 occupavit.
674 645 805 685 mirari
837 658 908 685 nos
939 645 1174 684 celeritatem
1205 643 1407 696 coepimus
1437 651 1476 683 et

59 703 200 751 iurare,
222 716 271 743 ne
291 703 435 755 gallum
455 703 609 754 quidem
626 703 883 753 gallinaceum
898 709 974 741 tam
992 701 1068 740 cito
1084 701 1272 753 percoqui
1290 700 1475 752 potuisse,

12 768 32 800 ο
60 766 169 799 tanto
191 759 346 812 quidem
369 759 509 811 magis,
539 760 644 811 quod
665 759 782 811 longe
802 758 926 798 maior
955 757 1070 798 nobis
1099 770 1243 810 porcus
1274 757 1477 797 videbatur

59 829 163 865 esse,
185 829 300 868 quam
321 816 436 868 paulo
457 822 548 855 ante
568 827 662 868 aper
682 818 822 855 fuerat..
862 815 1003 855 deinde
1031 814 1152 866 magis
1170 813 1368 865 magisque
1389 814 1476 853 Tri-

59 873 224 912 malchio
245 873 404 912 intuens
424 885 511 911 eum
534 871 672 923 ‘quid?
711 871 847 923 quid‘P'
885 871 1014 924 inquit
1044 875 1201 922 ‘porcus
1230 871 1292 910 hic
1315 883 1396 910 non
1418 877 1476 910 est

60 927 328 968 exinteratus?
368 941 447 968 non
470 928 713 968 mehercules
744 935 813 968 est.
854 940 966 975 voca,
987 939 1080 967 voca
1103 939 1240 967 cocum
1260 927 1301 966 in
1324 926 1476 966 medio·'.

58 996 149 1025 cum
169 984 406 1024 constitisset
435 985 482 1024 ad
502 996 677 1024 mensam
699 997 818 1024 cocus
847 985 967 1024 tristis
997 990 1034 1023 et
1065 983 1211 1023 diceret
1240 996 1281 1023 se
1313 983 1476 1023 oblitum

9 1049 29 1081 5
57 1053 142 1082 esse
171 1041 411 1088 exinterare,
451 1039 585 1092 ‘quid?
625 1039 810 1080 oblitus?'
869 1040 1103 1080 Trimalchio
1135 1040 1321 1079 exclamat
1351 1045 1478 1092 ‘putes

58 1097 167 1138 illum
186 1097 300 1150 piper
318 1104 354 1137 et
376 1098 577 1137 cuminum
602 1110 679 1136 non
703 1097 927 1137 coniecisse.
959 1096 1156 1149 despolia’.
1189 1109 1269 1136 non
1292 1097 1335 1135 fit
1354 1108 1475 1143 mora,

58 1153 297 1206 despoliatur
325 1166 443 1193 cocus
471 1159 587 1205 atque
616 1154 720 1193 inter
758 1154 856 1193 duos
889 1159 1058 1193 tortores
1088 1159 1257 1193 maestus
1286 1153 1477 1193 consistit.

56 1210 257 1262 deprecari
286 1216 415 1250 tamen
439 1222 576 1250 omnes
596 1217 815 1262 coeperunt
845 1216 884 1251 et
903 1210 1055 1250 dicere:
1087 1210 1198 1250 ‘solet
1227 1210 1332 1258 fieri3
1363 1220 1476 1261 roga-

59 1278 165 1316 mus,
186 1267 336 1314 mittas;
366 1273 500 1318 postea
521 1267 552 1307 si
574 1267 730 1315 fecerit,
762 1279 877 1306 nemo
910 1272 1090 1306 nostrum
1120 1278 1192 1318 pro
1213 1266 1279 1306 illo
1300 1266 1476 1317 rogabit'.

58 1335 143 1375 ego,
165 1323 452 1363 crudelissimae
478 1323 705 1371 severitatis,
733 1336 813 1363 non
837 1323 947 1375 potui
968 1335 1030 1362 me
1051 1329 1200 1371 tenere,
1223 1322 1291 1362 sed
1310 1322 1476 1362 inclina-

59 1385 122 1420 tus
150 1380 198 1419 ad
226 1391 359 1419 aurem
389 1380 693 1432 Agamemnonis
725 1380 864 1432 ‘plane’
894 1380 1054 1432 inquam
1085 1379 1159 1419 ‘hic
1197 1378 1315 1419 debet
1343 1391 1477 1419 servus

60 1447 144 1476 esse
165 1436 444 1487 nequissimus3
465 1436 604 1488 aliquis
625 1437 918 1476 oblivisceretur
939 1448 1103 1488 porcum
1124 1434 1374 1476 exinterare?
1396 1449 1475 1475 non

59 1492 302 1532 mehercules
322 1493 375 1532 illi
396 1493 663 1544 ignoscerem,
694 1493 725 1532 si
747 1493 894 1544 piscem
914 1492 1187 1545 praeterisset'.
1227 1498 1267 1531 at
1287 1505 1368 1532 non
1390 1492 1478 1532 Tri-

59 1548 248 1596 malchio,
285 1549 351 1600 qui
387 1549 556 1588 relaxato
596 1550 635 1588 in
667 1549 897 1588 hilaritatem
926 1549 1032 1588 vultu
1065 1548 1185 1600 ‘ergo’
1215 1549 1345 1601 inquit
1374 1548 1477 1600 ‘quia

59 1611 136 1645 tam
165 1605 288 1644 malae
318 1606 527 1645 memoriae
557 1618 620 1653 es,
659 1606 784 1657 palam
817 1605 931 1645 nobis
950 1606 1058 1645 illum
1079 1605 1281 1645 exintera’.
1320 1611 1477 1657 recepta

59 1673 179 1702 cocus
198 1661 330 1700 tunica
351 1661 518 1702 cultrum
541 1662 707 1713 arripuit
726 1662 917 1714 porcique
931 1669 1106 1702 ventrem
1124 1662 1217 1701 hinc
1233 1668 1350 1714 atque
1371 1662 1478 1702 illinc

58 1717 190 1757 timida
210 1730 328 1757 manu
359 1719 494 1758 secuit.
535 1731 608 1758 nec
628 1730 755 1767 mora,
786 1731 832 1758 ex
863 1719 986 1770 plagis
1015 1718 1201 1770 ponderis
1222 1718 1476 1758 inclinatione

59 1774 325 1814 crescentibus
344 1775 535 1814 tomacula
557 1787 645 1814 cum
666 1774 810 1814 botulis
830 1775 951 1815 effusa
971 1781 1076 1815 sunt.

169 1830 346 1882 plausum
368 1837 454 1882 post
474 1831 548 1871 hoc
568 1837 807 1871 automatum
827 1831 968 1871 familia
990 1832 1093 1871 dedit
1113 1838 1152 1871 et
1172 1831 1280 1870 ‘Gaio
1301 1831 1476 1871 feliciter'
1492 1832 1544 1871 50

16 1893 29 1926 )
57 1886 321 1926 conclamavit.
362 1899 435 1926 nec
466 1900 545 1927 non
578 1899 696 1927 cocus
726 1888 887 1939 potione
917 1888 1135 1928 honoratus
1155 1894 1215 1928 est
1235 1893 1274 1927 et
1293 1895 1475 1939 argentea

56 1954 216 1991 corona,
236 1943 500 1995 poculumque
521 1944 561 1983 in
583 1943 694 1983 lance
716 1945 866 1996 accepit
887 1944 1099 1984 Corinthia.
1132 1957 1246 1996 quam
1270 1956 1359 1984 cum
1377 1945 1477 1996 Aga-

57 2010 243 2039 memnon
274 2000 436 2052 propius
464 2000 747 2049 consideraret,
777 2001 830 2040 ait
859 2001 1112 2040 Trimalchio:
1144 2001 1262 2041 ‘solus
1291 2013 1378 2041 sum
1410 2002 1475 2053 qui

58 2067 147 2095 vera
166 2055 373 2096 Corinthea
394 2056 580 2096 habeam’.
621 2057 893 2109 expectabam,
924 2064 968 2097 ut
996 2070 1068 2110 pro
1098 2058 1247 2109 reliqua
1269 2057 1478 2097 insolentia

56 2110 204 2152 diceret
231 2112 304 2152 sibi
325 2124 411 2153 vasa
432 2113 620 2153 Corintho
651 2114 794 2153 afferri.
835 2114 902 2154 sed
933 2114 996 2153 ille
1026 2114 1187 2154 melius.
1219 2118 1272 2153 ‘et
1301 2114 1476 2154 forsitan'

20 2174 27 2182 '
57 2166 215 2220 inquit‘
220 2169 396 2221 quaeris,
418 2182 539 2222 quare
559 2170 666 2210 solus
686 2170 897 2211 Corinthea
919 2183 1006 2210 vera
1027 2170 1266 2223 possideam.
1289 2170 1377 2222 quia
1399 2171 1476 2210 sci-

56 2222 148 2264 lieet
173 2226 356 2274 aerarius,
386 2238 408 2265 a
429 2238 516 2290 ’quo
546 2238 653 2274 emo,
686 2227 895 2267 Corinthus
924 2233 1095 2268 vocatur.
1136 2227 1228 2278 quid
1259 2233 1319 2267 est
1347 2233 1475 2267 autem

58 2279 332 2330 Corintheum,
365 2282 438 2322 nisi
468 2283 556 2335 quis
575 2283 805 2323 Corinthum
829 2282 970 2323 habet?
1010 2289 1048 2324 et
1078 2297 1128 2324 ne
1158 2295 1218 2323 me
1238 2284 1384 2335 putetis
1405 2297 1474 2324 ne-

56 2336 205 2389 apium
227 2351 323 2386 esse,
343 2339 450 2378 valde
471 2339 573 2379 bene
593 2339 695 2388 scio,
726 2340 832 2379 unde
852 2341 1021 2392 primum
1044 2340 1253 2380 Corinthea
1277 2347 1364 2380 nata
1385 2341 1475 2380 sint.

56 2403 147 2434 cum
168 2393 278 2435 llium
299 2401 454 2447 captum
476 2402 553 2444 est,
586 2396 800 2444 Hannibal,
832 2397 950 2437 homo
979 2398 1083 2436 vafer
1106 2403 1144 2436 et
1163 2409 1329 2448 magnus
1349 2397 1474 2444 stelio,

22 2458 32 2486 ο
58 2461 193 2490 omnes
222 2457 366 2491 statuas
395 2464 536 2492 aeneas
565 2458 603 2492 et
632 2465 769 2493 aureas
800 2459 839 2493 et
868 2460 1072 2505 argenteas
1109 2454 1149 2493 in
1182 2465 1303 2493 unum
1333 2465 1473 2506 rogum

171 2584 190 2618 3
226 2584 378 2627 poricino
405 2584 477 2630 1119
513 2585 629 2619 mittes
647 2585 659 2629 ΙΙ
678 2587 718 2620 23
756 2587 802 2620 ita
838 2590 921 2630 post
956 2596 1022 2620 non
1060 2588 1210 2620 antehac
1244 2588 1475 2631 adicem-amr

56 2626 105 2662 30
127 2628 229 2662 etiam
250 2640 316 2672 pro
341 2634 376 2663 et
393 2630 465 2674 139
489 2630 596 2664 scelio

129 2682 257 2712 Petronii
276 2684 383 2713 satirae
412 2685 461 2715 ed.
480 2684 518 2712 111
1184 2688 1204 2721 3
