1728 2886
668 132 918 168 MENIPPEAE
1419 131 1501 170 215

223 311 318 344 tunc
341 305 500 357 nuptiae
521 247 890 344 videbantzxslggegffl
914 305 1124 345 Lucrinam
1533 309 1591 344 501

677 382 798 422 xviu
820 382 910 436 (20)

12 488 19 499 .,
224 463 272 490 an
295 452 327 491 si
349 463 487 502 equam
510 450 669 490 emisses
690 450 966 503 quadripedem
980 482 989 497 ,
1019 458 1063 491 ut
1092 463 1180 491 meo
1210 451 1318 491 asino
1339 451 1504 491 Reatino
1533 456 1591 490 502

83 507 318 555 admitteres,
340 514 529 559 quantum
551 507 817 560 poposcissem
839 507 1010 548 dedisses
1031 505 1273 560 equimenti‘?
1303 531 1305 533 -

671 585 809 625 XVIIII
831 587 916 637 (10)

224 653 279 693 sic
300 653 408 692 canis
427 654 470 692 fit
491 666 511 692 e
533 654 684 702 catello,
701 654 758 693 sic
779 667 800 693 e
820 655 949 694 tritico
970 654 1075 707 spica
1262 673 1265 675 ·
1536 658 1593 692 503

708 732 777 772 XX
797 734 882 784 (14)

225 800 292 851 qui
323 799 436 840 nobis
465 800 739 840 ministrarunt
767 801 878 853 pueri
910 801 1048 841 diebus
1088 801 1197 841 sestis
1233 801 1335 841 cicer
1374 799 1506 839 viride.
1535 806 1593 838 504

83 855 170 906 quis
191 869 264 896 nos
286 869 518 908 provocare,
555 857 742 897 advocare
772 870 861 896 cum
883 858 1071 906 audeaut,
1103 870 1176 898 nos
1204 857 1291 898 illos
1323 868 1505 896 revocare

82 912 264 952 timemus
274 911 293 952 ‘3

700 968 785 1008 XXI
805 970 891 1020 (17)

224 1036 355 1076 ‘erras’
376 1036 502 1087 inquit
523 1036 684 1077 Marce:
714 1049 898 1077 accusare
928 1049 1001 1077 nos
1022 1037 1224 1078 ruminans
1245 1036 1507 1089 antiquitates’
1535 1043 1593 1076 505

642 1161 941 1194 ΣΚῙΑΜΑΧῙΑ

659 1229 761 1272 περὶ
783 1226 930 1271 τύφου

747 1296 762 1335 Ι
805 1299 821 1336 1

350 1370 388 1402 te
410 1366 521 1403 Anna
542 1366 587 1403 ac
609 1296 799 1412 Peranna}
822 1296 954 1403 {zanua
976 1363 1077 1412 Cela,
1100 1367 1136 1403 te
1159 1363 1283 1412 Pales,
1535 1370 1593 1403 506

351 1420 530 1460 Nerienis
550 1428 584 1460 ec
604 1420 787 1468 Minerva,
809 1420 983 1460 Fortuna
1005 1432 1049 1459 ac
1070 1419 1186 1460 Ceres

731 1498 767 1538 Π
786 1501 847 1549 (3)

355 1558 552 1606 postremo
574 1567 741 1607 quaero:
762 1555 918 1607 parebis
938 1554 1091 1607 legibus
1109 1566 1157 1594 an
1181 1553 1293 1595 non?
1536 1562 1593 1594 507

355 1624 457 1651 anne
479 1612 587 1652 exlex
608 1612 715 1652 solus
734 1610 867 1652 vives?

729 1690 782 1729 III
803 1691 863 1741 (2)

356 1749 486 1785 vinum
508 1758 663 1798 pemma
683 1747 825 1787 lucuns
845 1746 943 1786 nihil
964 1746 1127 1795 adiuvat,
1148 1747 1219 1787 ista
1238 1747 1431 1788 ministrat
1537 1755 1595 1788 508

726 1825 796 1865 IIII
816 1827 875 1875 (4)

226 1892 324 1944 ‘ego'
346 1892 473 1944 inquit
494 1894 543 1932 ‘ei
579 1906 663 1933 eam
685 1894 906 1945 suppetias,
942 1894 1101 1945 quicum
1130 1893 1223 1933 mihi
1254 1906 1327 1934 nec
1348 1906 1411 1934 res
1435 1906 1506 1934 nec
1534 1901 1592 1934 500

85 1948 183 1988 ratio
205 1955 263 1988 est
285 1948 592 2001 “dissociataque
613 1950 744 1989 omnia
765 1962 808 1989 ac
830 1948 1057 1990 nesantia”?

738 2029 768 2067 V
789 2029 848 2079 (5)

227 2094 303 2134 hoc
323 2095 430 2141 dico,
459 2097 748 2148 compendiaria
779 2098 864 2136 sine
892 2096 968 2135 uua
989 2095 1250 2136 soilicitudine
1271 2109 1314 2137 ac
1335 2097 1510 2138 molestia
1539 2104 1595 2138 510

88 2151 260 2190 ducundi
280 2151 328 2190 ad
349 2152 513 2191 eandem
534 2153 771 2205 voluptatem
794 2165 908 2204 posse
929 2153 1124 2204 perveniri

199 2275 258 2308 501
288 2273 332 2307 N.
343 2285 378 2317 p.
394 2275 458 2308 216
484 2278 595 2308 ostrea
614 2274 627 2318 ΙΙ
644 2275 709 2309 502
732 2273 778 2308 Ν.
797 2285 835 2317 p.
851 2276 893 2308 69
917 2275 1169 2318 aequimentum
1198 2275 1210 2318 ΙΙ
1239 2276 1304 2310 503
1330 2274 1374 2308 Ν.
1394 2286 1428 2318 p.
1443 2276 1507 2310 225

86 2319 200 2362 spIcae
221 2323 226 2362 ι
247 2320 287 2352 in
309 2322 507 2362 septenario
532 2319 625 2363 spica
651 2320 699 2353 sic
723 2329 742 2352 e
767 2319 878 2354 tritico
906 2319 1092 2364 Guyetusn
1110 2321 1176 2354 504
1198 2319 1242 2354 Ν.
1265 2330 1300 2363 p.
1328 2321 1387 2354 167
1411 2330 1510 2355 revo-

84 2373 162 2448 Jare
181 2366 191 2404 t
209 2375 272 2398 nos
297 2364 469 2442 i¹11011505
494 2363 538 2399 N.
560 2375 597 2408 p.
622 2366 686 2399 480
710 2364 895 2398 ruminatur
916 2366 920 2406 Ι
942 2375 1005 2399 uos
1038 2365 1235 2399 criminaris.
1282 2364 1508 2399 inserendum

104 2413 237 2443 ornasse
261 2410 331 2443 noi

199 2456 265 2489 506
292 2454 424 2488 Gellius
435 2454 506 2488 XIII
524 2455 578 2497 23,
596 2456 618 2488 4
634 2455 667 2487 in
692 2458 804 2488 satura
822 2452 1000 2498 Menippea
1019 2465 1106 2499 quae
1123 2454 1279 2489 scribitur
1294 2456 1504 2499 σκιαμαχίαΙ

87 2498 200 2533 Panda
225 2504 259 2533 te
282 2499 366 2533 Lato
388 2503 393 2540 Ι
413 2499 576 2534 Nerienes
593 2501 606 2541 Ε
622 2501 686 2533 507
712 2498 852 2533 Nonius
871 2511 909 2542 p.
936 2502 976 2535 10
1001 2499 1109 2534 exlex.
1156 2499 1261 2534 Varro
1292 2501 1474 2535 sciomacia
1501 2504 1505 2542 Ι

87 2545 175 2577 vIvIs
202 2545 216 2588 fl
247 2546 311 2579 508
337 2544 381 2578 N.
403 2557 438 2589 p.
466 2546 527 2579 131
555 2545 675 2578 lucuns
693 2544 706 2588 ΙΙ
723 2546 789 2579 509
812 2543 857 2579 Ν.
878 2556 915 2588 p.
939 2546 1006 2579 489
1030 2545 1179 2579 uetantia
1199 2546 1205 2588 Ι
1226 2555 1290 2589 ego
1314 2546 1403 2580 enim
1427 2546 1507 2590 quid

85 2591 252 2623 nonnulli
274 2591 358 2623 libri
377 2592 383 2632 Ι
404 2590 433 2624 ei
459 2591 546 2631 eam]
570 2590 671 2624 etiam
697 2591 840 2633 optimi,
865 2599 939 2623 eam
963 2593 1071 2623 ceteri
1089 2591 1096 2634 Ι
1115 2589 1278 2625 dissociat
1299 2594 1401 2636 atque
1426 2592 1510 2624 libri

85 2638 229 2678 praeter
257 2635 466 2669 Vom‘anum
494 2635 557 2669 116
575 2634 588 2679 ΙΙ
604 2637 668 2669 510
692 2634 737 2668 Ν.
756 2645 794 2679 p.
812 2636 878 2670 202
903 2635 1151 2679 compendiaria
