1728 2886
643 140 827 175 SATIRAE
1396 137 1446 175 47

0 262 64 301 stt
81 258 168 298 ideo
197 256 356 308 ingenio
379 255 711 308 meo‘impositum
733 260 792 295 est
812 255 865 294 illi
887 268 1031 296 nomen
1052 257 1328 303 bellissimum3
1361 268 1451 295 nam

24 313 214 359 Daedalus
242 319 415 352 vocatur.
457 318 495 351 et
523 312 611 363 quia
642 311 787 351 bonam
818 319 990 352 mentem
1010 313 1145 361 habet,
1167 313 1275 353 attuli
1296 313 1351 352 illi
1371 312 1450 352 Ro-

22 379 85 413 iua
112 381 258 410 munus
287 369 434 408 cultros
461 368 602 408 Norico
633 368 764 408 ferro’.
804 380 904 419 quos
933 370 1059 409 statim
1091 370 1202 410 iussit
1231 369 1361 409 afferri
1390 369 1451 408 in·

24 431 258 480 qsectosque
288 426 449 465 miratus
478 431 547 465 est.
595 425 710 465 etiam
741 425 856 464 nobis
885 431 1117 478 potestatem
1150 427 1261 474 fecit,
1292 432 1336 466 ut
1364 438 1450 465 mu—

23 495 183 525 cronem
206 483 252 522 ad
273 482 435 521 buccam
456 481 727 533 probaremus.

0 587 1 592 ¹
137 539 266 579 subito
297 539 541 578 intraverunt
570 539 647 577 duo
668 537 789 585 servi,
819 543 1004 588 tanquam
1027 538 1093 589 qui
1114 538 1235 577 rixam
1258 539 1304 577 ad
1326 539 1450 578 lacum

0 595 2 648 l
26 597 229 643 iecissent;
259 601 364 634 certe
395 595 434 634 in
462 595 564 634 collo
594 595 720 634 adhuc
750 594 957 646 amphoras
986 594 1196 634 habebant.
1238 606 1327 634 cum
1359 607 1452 645 ergo

0 647 261 693 sffimalchio
290 651 352 691 ius
381 651 484 691 inter
513 651 708 703 litigantes
737 651 902 697 diceret,
934 657 1076 690 neuter
1105 652 1340 691 sententiam
1366 651 1454 689 tulit

26 709 297 754 decernentis,
336 709 401 747 sed
433 708 593 747 alterius
623 708 850 760 amphoram
879 707 982 747 fuste
1011 708 1216 760 percussit.
1274 713 1454 747 conster-

25 766 106 806 nati
136 778 210 805 nos
238 764 445 804 insolentia
476 764 674 803 ebriorum
705 764 981 804 intentavimus
1002 765 1137 804 oculos
1157 764 1196 804 in
1218 764 1455 816 proeliantes

27 822 322 873 notavimusque
353 827 478 860 ostrea
508 821 762 873 pectinesque
793 833 814 860 e
845 821 984 871 gastris
1012 821 1201 869 labentia,
1243 834 1342 872 quae
1373 820 1454 860 col-

26 879 124 919 lecta
154 890 253 930 puer
282 877 392 916 lance
423 877 673 916 circumtulit.
716 878 784 917 has
821 877 990 917 lautitias
1020 878 1197 929 aequavit
1226 878 1455 929 ingeniosus

26 947 165 982 cocus;
203 934 243 972 in
283 933 467 972 craticula
506 934 609 972 enim
642 940 828 985 argentea
858 934 1036 973 cochleas
1066 934 1194 973 attulit
1224 940 1262 973 et
1290 934 1453 974 tremula

26 990 323 1040 taeterrimaque
342 1002 437 1029 voce
457 990 635 1029 cantavit.

137 1046 259 1099 pudet
274 1047 434 1091 referre,
456 1058 554 1097 quae
575 1051 783 1085 secuntur:
806 1046 980 1085 inaudito
1003 1046 1107 1085 enim
1128 1059 1238 1086 more
1258 1047 1370 1098 pueri
1391 1059 1455 1086 ca-

27 1103 150 1157 pillati
169 1102 386 1142 attulerunt
404 1109 651 1153 unguentum
672 1102 713 1141 in
735 1109 920 1154 argentea
941 1101 1052 1154 pelve
1080 1103 1279 1155 pedesque
1301 1115 1455 1142 recum-

29 1159 205 1200 bentium
226 1164 445 1205 unxerunt,
476 1171 565 1198 cum
586 1165 676 1198 ante
698 1171 812 1198 crura
845 1159 1020 1210 talosque
1051 1159 1208 1199 corollis
1227 1159 1455 1199 vinxissent.

28 1216 122 1256 hinc
149 1228 196 1255 ex
225 1216 361 1255 eodem
393 1222 598 1267 unguento
628 1215 668 1254 in
689 1215 881 1254 vinarium
911 1221 1026 1267 atque
1057 1215 1259 1255 lucernam
1280 1216 1457 1268 aliquan-

28 1278 110 1313 tum
130 1278 188 1312 est
206 1272 390 1312 infusum.

139 1329 214 1368 iam
235 1333 417 1380 coeperat
438 1328 651 1368 Fortunata
672 1328 769 1367 velle
790 1329 947 1374 saltare,
977 1328 1051 1367 iam
1075 1328 1250 1368 Scintilla
1272 1330 1457 1380 frequen·

33 1385 110 1426 tius
128 1385 336 1437 plaudebat
367 1397 481 1436 quam
511 1385 766 1436 loquebatur,
798 1397 886 1425 cum
908 1384 1143 1424 Trimalchio
1166 1385 1374 1437 ‘permitto’
1396 1386 1458 1425 in-

34 1442 118 1494 quit
137 1441 373 1494 ‘Philargyre
395 1448 431 1480 et
453 1441 579 1488 Cario,
601 1442 671 1481 etsi
692 1442 940 1494 prasinianus
961 1454 1002 1481 es
1022 1442 1214 1490 famosus,
1237 1442 1298 1481 dic
1319 1448 1356 1481 et
1377 1442 1457 1481 Me·

34 1498 237 1551 nophilae,
258 1498 531 1537 contubernali
551 1504 662 1545 tuae,
693 1497 938 1537 discumbat'.
978 1499 1070 1550 quid
1093 1497 1244 1537 multa?
1264 1511 1390 1550 paene
1411 1499 1458 1538 (le

34 1554 144 1595 lectis
163 1554 302 1594 deiecti
331 1566 484 1601 sumus,
516 1554 610 1594 adeo
640 1560 763 1593 totum
794 1554 1007 1593 triclinium
1027 1555 1170 1594 familia
1190 1562 1460 1606 occupaverat.

34 1617 141 1651 certe
162 1623 233 1663 ego
255 1611 383 1649 notavi
401 1623 520 1662 super
540 1623 601 1650 me
622 1611 790 1662 positum
808 1622 959 1657 cocum,
981 1610 1048 1662 qui
1070 1612 1117 1650 de
1138 1624 1260 1663 porco
1280 1623 1459 1651 anserem

37 1668 200 1714 fecerat,
222 1667 346 1706 muria
368 1667 706 1718 condimentisque
728 1668 926 1706 fetentem.
968 1679 1043 1706 nec
1063 1674 1275 1708 contentus
1294 1668 1366 1708 fuit
1396 1681 1460 1707 re-

35 1723 232 1770 cumbere,
253 1723 319 1763 sed
342 1724 529 1762 continuo
553 1723 750 1775 Ephesum
772 1723 999 1775 tragoedum
1017 1725 1145 1776 coepit
1160 1724 1300 1764 imitari
1315 1730 1353 1764 et
1367 1724 1460 1764 sub-

37 1779 128 1820 inde
147 1780 347 1819 dominum
377 1792 489 1819 suum
520 1779 733 1831 sponsione
762 1792 975 1832 provocare
1006 1780 1049 1820 ‘si
1070 1781 1253 1832 prasinus
1273 1781 1461 1833 proximis

36 1835 277 1876 circensibus
299 1836 463 1887 primam
483 1835 675 1888 palmam’.

146 1892 309 1931 diffusus
330 1893 401 1931 hac
431 1893 684 1932 contentione
706 1892 940 1932 Trimalchio
963 1892 1101 1932 ‘amici’
1133 1893 1260 1944 inquit
1280 1897 1332 1933 ‘et
1360 1894 1459 1934 servi
1475 1890 1524 1930 71

38 1948 216 1989 homines
235 1954 328 1988 sunt
347 1955 385 1987 et
404 1961 527 2000 aeque
547 1961 670 1988 unum
691 1949 828 1988 lactem
851 1949 1055 1997 biberunt,
1087 1949 1200 1988 etiam
1222 1950 1253 1990 si
1275 1950 1360 1990 illos
1380 1963 1462 1990 ma-

38 2004 99 2045 lus
117 2005 217 2044 satus
237 2005 443 2057 oppressit.
483 2011 612 2045 tamen
634 2018 696 2045 me
726 2006 830 2045 salvo
862 2006 940 2045 cito
970 2018 1108 2057 aquam
1140 2006 1300 2045 liberam
1332 2014 1462 2058 gusta-

39 2061 151 2101 bunt.
189 2060 236 2100 ad
256 2073 469 2108 summam,
501 2074 636 2102 omnes
666 2062 752 2101 illos
783 2063 822 2102 in
854 2067 1086 2102 testamento
1108 2074 1196 2101 meo
1217 2064 1462 2102 manumitto.

41 2117 265 2170 Philargyro
286 2118 399 2157 etiam
420 2119 584 2158 fundum
605 2119 693 2170 lego
725 2126 762 2158 et
792 2118 1116 2158 contubernalem
1146 2131 1277 2166 suam,
1308 2119 1463 2159 Carioni

41 2185 198 2227 quoque
218 2174 384 2214 insulam
417 2180 454 2214 et
473 2175 694 2214 vicesimam
715 2183 753 2214 et
774 2176 915 2215 lectum
939 2181 1116 2215 stratum.
1159 2188 1248 2215 nam
1269 2176 1464 2215 Fortuna-

41 2235 118 2271 tam
137 2242 261 2270 meam
290 2231 473 2270 heredem
505 2232 622 2279 facio,
653 2239 692 2271 et
721 2232 954 2271 commendo
985 2232 1087 2271 illam
1118 2232 1301 2272 omnibus
1331 2233 1465 2272 amicis

42 2286 148 2327 meis.
189 2294 226 2326 et
245 2287 341 2326 haec
362 2287 448 2326 ideo
471 2288 601 2327 omnia
631 2288 810 2340 publico,
840 2294 884 2328 ut
914 2288 1055 2328 familia
1077 2300 1162 2327 mea
1184 2289 1258 2327 iam
1281 2302 1388 2329 nunc
1409 2289 1465 2329 sic

41 2354 103 2383 me
123 2349 225 2383 amet
244 2349 428 2395 tanquam
449 2345 673 2384 mortuum‘.
714 2345 856 2396 gratias
886 2357 1001 2397 agere
1032 2357 1170 2384 omnes
1200 2346 1465 2398 indulgentiae

42 2406 252 2449 coeperant
271 2400 430 2448 domini,
453 2413 541 2440 cum
562 2401 625 2441 ille
647 2401 791 2442 oblitus
809 2413 1000 2451 nugarum
1022 2401 1219 2454 exemplar
1244 2402 1466 2442 testamenti

40 2454 151 2496 iussit
170 2457 298 2495 afferri
320 2462 359 2496 et
378 2463 501 2496 totum
533 2470 553 2496 a
574 2458 702 2510 primo
732 2459 778 2497 ad
807 2458 985 2497 ultimum
1017 2458 1306 2509 ingemescente
1326 2458 1465 2498 familia

46 2512 228 2563 recitavit.
268 2513 482 2565 respiciens
502 2514 644 2554 deinde
666 2514 885 2554 Habinnam
916 2514 1023 2567 ‘quid
1053 2514 1160 2554 dicis’
1183 2515 1310 2567 inquit
1330 2516 1465 2555 ‘amice

156 2634 298 2668 2attulit
308 2635 320 2679 ΙΙ
333 2637 479 2679 ⁴§polim
495 2638 529 2670 et
546 2636 644 2669 nobis
657 2636 669 2678 fl
683 2639 700 2669 7
716 2636 749 2669 in
768 2636 843 2670 loco
856 2636 869 2679 ΙΙ
883 2636 1098 2681 leliquatum
1112 2641 1165 2672 est
1177 2638 1188 2682 ΙΙ
1201 2639 1243 2672 32
1257 2638 1465 2682 oppresserit
