1728 2886
20 111 51 158 r
691 115 877 151 smair:
1443 112 1496 151 '71

15 225 108 291 §et
135 235 286 273 frontes
325 230 574 271 cicatricibus
603 228 825 274 scindere?
853 228 1041 280 numquid
1073 234 1111 268 et
1140 240 1255 268 crura
1287 229 1328 268 in
1360 228 1498 268 orbem

23 287 270 345 {gpandere‘l
309 288 500 339 numquid
531 293 569 327 et
597 287 696 327 talos
725 286 772 326 ad
802 292 947 325 terram
978 283 1202 325 deducere?
1241 285 1433 336 numquid
1463 291 1498 325 et

20 340 228 402 {barbam
258 345 467 397 peregrina
496 343 648 383 ratione
677 341 874 394 figurare?
910 341 1019 381 color
1049 347 1131 381 arte
1161 341 1404 394 compositus
1433 341 1496 381 in-

23 399 205 456 {quinat
218 414 374 454 corpus,
397 414 476 441 non
494 405 630 440 mutat.
663 398 807 446 audite,
830 398 922 449 quid
938 398 1085 437 amenti
1101 398 1359 438 succurrerit:
1382 410 1496 450 praes-

30 509 119 557 'adii
149 515 408 566 hominesque
437 511 650 566 patiantur’
671 511 888 564 Eumolpus
918 511 1107 550 exclamat
1127 514 1184 549 ‘ut
1204 523 1271 550 vos
1292 517 1368 550 tam
1389 511 1496 563 turpi

24 611 26 614 ,
52 572 172 613 ,exitu
202 571 315 610 vitam
346 570 500 610 finiatis.
541 569 660 608 immo
690 568 822 621 potius
852 567 986 616 facite,
1019 567 1123 619 quod
1143 566 1273 606 iubeo.
1315 579 1495 607 mercen-

67 628 202 670 narius
222 639 344 675 meus,
366 633 410 666 ut
425 639 471 666 ex
488 625 675 666 novacula
692 624 950 677 comperistis,
971 630 1111 664 tonsor
1126 631 1203 663 est:
1226 623 1288 663 hic
1305 624 1494 663 continuo

65 685 176 725 radat
206 684 411 735 utriusque
440 696 520 722 non
542 682 670 722 solum
691 682 836 734 capita,
866 681 934 722 sed
956 681 1070 721 etiam
1092 680 1312 732 supercilia.
1353 692 1498 731 sequar

21 747 24 750 ’
69 753 143 793 ego
172 741 322 780 frontes
354 748 496 780 notans
523 739 782 791 inscriptione
812 738 978 785 sollerti,
1010 744 1054 778 ut
1083 737 1288 777 videamini
1317 736 1496 789 stigmate

67 810 152 838 esse
172 797 312 849 puniti.
352 797 402 836 ita
423 795 583 836 eaedem
604 796 738 835 literae
759 801 796 834 et
817 794 1081 847 suspicionem
1101 793 1354 834 declinabunt
1375 805 1495 845 quae-

66 854 236 894 rentium
259 860 296 893 et
318 853 444 893 vultus
465 852 605 891 umbra
625 851 806 903 supplicii
826 851 987 902 tegent.'

182 922 260 949 non
289 916 348 949 est
368 909 482 948 dilata
505 909 674 956 fallacia,
706 908 773 947 sed
794 907 841 947 ad
862 908 962 947 latus
985 907 1124 958 navigii
1146 907 1279 946 furtim
1300 907 1496 959 processi-

66 977 154 1006 mus
183 966 388 1017 capitaque
419 977 507 1004 cum
538 964 756 1016 superciliis
786 964 1020 1004 denudanda
1050 964 1202 1003 tonsori
1230 964 1494 1015 praebuimus.

67 1022 240 1074 implevit
259 1021 478 1073 Eumolpus
508 1022 659 1061 frontes
679 1021 883 1072 utriusque
905 1020 1132 1072 ingentibus
1152 1020 1274 1059 literis
1296 1027 1334 1059 et
1356 1027 1493 1060 notum

67 1079 315 1130 fugitivorum
355 1079 592 1130 epigramma
623 1090 694 1129 per
724 1083 843 1116 totam
875 1077 1011 1116 faciem
1044 1076 1193 1116 liberali
1224 1089 1340 1116 manu
1373 1077 1495 1116 duxit.

65 1147 170 1176 unus
199 1136 300 1174 sorte
330 1147 374 1174 ex
396 1134 642 1183 vectoribus,
675 1134 742 1185 qui
763 1133 976 1173 acclinatus
997 1133 1107 1172 lateri
1131 1132 1237 1172 navis
1257 1132 1496 1172 exonerabat

65 1191 306 1233 stomachum
338 1203 481 1230 nausea
511 1202 665 1241 gravem
680 1221 689 1238 ,
721 1190 870 1230 notavit
893 1190 967 1230 sibi
987 1190 1034 1229 ad
1055 1190 1190 1229 lunam
1210 1195 1411 1229 tonsorem
1433 1190 1494 1229 in-

66 1247 297 1300 tempestivo
328 1247 598 1287 inhaerentem
632 1247 870 1295 ministerio,
902 1252 1186 1297 execratusque
1217 1258 1358 1292 omen,
1389 1247 1493 1297 quod

64 1304 282 1345 imitaretur
312 1305 591 1354 naufragorum
622 1304 802 1343 ultimum
835 1310 987 1350 votum,
1018 1304 1059 1342 in
1082 1302 1210 1343 cubile
1231 1303 1402 1342 reiectus
1422 1309 1494 1343 est.

66 1373 140 1402 nos
168 1361 403 1401 dissimulata
434 1361 660 1400 nauseantis
689 1360 895 1400 devotione
925 1361 971 1400 ad
1002 1359 1182 1399 ordinem
1210 1359 1386 1399 tristitiae
1406 1360 1496 1399 red-

64 1417 185 1466 imus,
215 1417 449 1468 silentioque
480 1417 687 1469 compositi
717 1417 887 1468 reliquas
918 1417 1045 1457 noctis
1066 1417 1181 1456 horas
1201 1416 1300 1455 male
1322 1416 1495 1468 soporati

65 1474 380 1526 consumpsimus

773 1542 795 1567 *

179 1586 395 1626 ‘videbatur
415 1586 509 1625 mihi
529 1586 749 1626 secundum
770 1585 943 1637 quietem
961 1585 1124 1637 Priapus
1145 1585 1296 1626 dicere:
1325 1585 1496 1625 “Encol-

62 1643 157 1696 pion
186 1642 290 1695 quod
317 1643 491 1694 quaeris,
523 1642 622 1682 scito
643 1655 663 1681 a
684 1654 746 1681 me
767 1642 807 1681 in
831 1654 966 1681 navem
989 1648 1094 1682 tuam
1116 1654 1200 1682 esse
1221 1641 1493 1694 perductum.”

66 1700 268 1739 exhorruit
283 1699 514 1751 Tryphaena
535 1705 575 1738 et
591 1698 730 1751 ‘putes'
746 1698 875 1749 inquit
890 1701 981 1738 ‘una
1002 1711 1076 1738 nos
1097 1698 1320 1746 dormiisse3
1343 1710 1432 1738 nam
1454 1705 1493 1738 et

65 1756 159 1796 mihi
179 1755 429 1796 simulacrum
446 1755 632 1807 Neptuni,
654 1755 759 1806 quod
775 1755 876 1794 Baiis
897 1758 938 1794 in
958 1755 1158 1808 tetrastylo
1177 1761 1413 1803 notaveram,
1436 1755 1491 1794 vi-

65 1812 228 1852 debatur
256 1812 408 1851 dicere:
441 1812 508 1852 “in
541 1823 636 1851 nave
657 1811 800 1851 Lichae
821 1811 963 1850 Gitona
992 1810 1207 1851 invenies.”
1247 1812 1351 1851 ‘hinc
1381 1811 1492 1851 scies'

65 1868 193 1920 inquit
222 1868 437 1920 Eumolpus
458 1868 686 1920 ‘Epicurum
717 1880 802 1908 esse
831 1867 1031 1907 hominem
1061 1868 1255 1916 divinum,
1286 1868 1353 1920 qui
1385 1868 1490 1908 eius-

68 1925 171 1965 modi
191 1922 356 1965 ludibria
379 1925 615 1964 facetissima
637 1925 790 1964 ratione
811 1924 1073 1964 condemnat.'

177 2043 350 2077 ceterum
372 2037 510 2077 Lichas
532 2043 574 2077 ut
593 2037 847 2090 Tryphaenae
868 2036 1066 2077 somnium
1087 2036 1273 2088 expiavit,
1296 2035 1410 2089 ‘quis’
1430 2036 1492 2076 in-

59 2093 150 2146 ·quit
179 2093 383 2146 ‘prohibet
414 2094 608 2146 navigium
639 2094 826 2140 scrutari,
859 2106 908 2132 nc
938 2093 1139 2132 videamur
1168 2093 1319 2132 divinae
1349 2093 1492 2133 mentis

61 2162 183 2202 opera
202 2150 388 2190 damnare
398 2148 430 2189 ‘3’

175 2206 208 2246 is
237 2206 304 2258 qui
336 2213 451 2246 nocte
482 2207 713 2247 miserorum
736 2207 883 2245 furtum
905 2205 1239 2258 deprehenderat,
1271 2205 1396 2245 Hesus
1419 2218 1492 2244 no-

63 2262 191 2311 mine,
220 2262 350 2303 subito
373 2263 608 2315 proclamat:
639 2266 746 2313 ‘ergo
767 2262 822 2302 illi
842 2262 909 2313 qui
930 2268 1041 2310 sunt,
1064 2262 1131 2314 qui
1155 2267 1268 2301 nocte
1289 2262 1336 2301 ad
1357 2261 1491 2301 lunam

66 2317 302 2359 radebantur
316 2320 484 2371 pessimo
501 2319 653 2359 medius
668 2319 782 2358 fidius
798 2317 1007 2370 exemplo?
1023 2319 1137 2358 audio
1154 2317 1259 2357 enim
1277 2330 1355 2358 non
1373 2317 1491 2358 licere

65 2375 245 2427 cuiquam
262 2376 482 2416 mortalium
500 2377 538 2415 in
553 2388 648 2415 nave
660 2387 790 2427 neque
801 2387 954 2425 ungues
967 2387 1095 2426 neque
1107 2374 1269 2426 capillos
1278 2374 1491 2427 deponere,

177 2477 196 2510 3
222 2476 490 2519 peregrinatione
517 2475 529 2519 ΙΙ
561 2477 582 2509 4
608 2474 735 2508 timenti
764 2474 777 2518 ΙΙ
809 2476 850 2508 15
881 2473 1000 2507 inlevit
1034 2473 1251 2507 Cornelissen
1280 2472 1292 2518 ΙΙ
1319 2475 1358 2508 21
1388 2484 1454 2507 non
1481 2473 1494 2516 [Ι

66 2516 109 2553 22
133 2520 320 2564 composito
339 2519 352 2565 ll
369 2522 412 2554 24
434 2522 676 2564 praepositum
701 2520 818 2553 Lichas
836 2519 848 2562 ΙΙ
867 2520 907 2553 27
928 2518 1060 2552 Baistor
1084 2519 1181 2564 asylo
1199 2519 1212 2563 ΙΙ
1229 2520 1269 2553 31
1296 2518 1377 2563 quid
1400 2519 1493 2552 Bur*—

66 2573 214 2598 nannus
230 2565 244 2610 Ι
261 2566 304 2600 33
323 2569 414 2609 puto
439 2575 575 2609 operam
606 2564 618 2610 ΙΙ
648 2567 692 2600 34
716 2565 829 2598 laesus
853 2565 966 2598 omine
995 2563 1207 2598 Tornaesius
1230 2564 1243 2608 ΙΙ
1260 2565 1302 2598 35
1329 2574 1411 2607 rogo
1437 2565 1493 2597 la-

65 2610 200 2643 eobn'us
219 2611 225 2655 Ι
245 2609 293 2644 illi
317 2613 397 2644 eunt
421 2611 639 2654 Segebadim

30 456 231 511 {ligemus
252 458 422 498 vestibus
437 457 562 509 capita
579 461 618 495 et
633 468 707 495 nos
722 455 761 494 in
779 454 1021 507 profundum
1038 454 1285 504 mergamus!
1316 458 1380 494 ‘ne
1395 454 1500 494 istud
1535 453 1612 495 103

1529 1586 1611 1626 104
