1728 2886
231 133 286 172 66
841 132 1042 167 PETRONll

228 248 447 301 respiciens
476 248 524 288 ad
555 247 780 300 Eumolpon
813 250 858 287 ‘o
888 246 1116 300 poetarum'
1148 247 1279 299 inquit
1308 246 1596 294 ‘disertissime,
1625 251 1639 286 t
1666 273 1675 283 ,

232 304 347 346 eras?
377 310 416 345 et
436 317 517 344 non
551 304 760 345 discedunt
780 305 891 345 ocius
922 304 1152 356 nequissimi
1174 303 1275 344 servi
1297 315 1518 355 manusque
1539 302 1672 343 conti-y

233 367 330 402 nent
350 374 371 401 a
399 359 523 400 rixa‘P'
1664 379 1666 382 -

946 430 968 455 *

341 475 347 524 Ι
375 472 686 513 ‘contubernalis
723 485 810 513 mea
841 473 934 513 mihi
965 473 1108 513 fastum
1138 473 1241 513 facit.
1293 473 1365 522 ita,
1397 472 1430 513 si
1460 484 1523 512 me
1553 483 1676 512 ama

234 530 401 570 maledic
422 530 526 569 illam
548 529 739 580 versibus,
763 535 808 570 ut
827 530 969 570 habeat
988 529 1195 583 pudorem’

947 600 969 625 *

166 648 219 688 97
349 643 443 683 dum
463 643 683 695 Eumolpus
704 655 793 682 cum
815 643 981 695 Bargate
1002 643 1043 682 in
1064 647 1219 682 secreto
1240 642 1428 694 loquitur,
1452 641 1575 681 intrat
1593 646 1681 681 sta·

235 700 371 740 bulum
392 711 537 752 praeco
560 711 648 739 cum
671 711 783 739 servo
805 699 964 751 publico
987 699 1140 750 aliaque
1157 711 1251 738 sane
1266 698 1419 738 modica
1436 698 1658 750 frequentia

233 759 440 808 facemque
471 758 663 796 fumosam
693 756 818 807 magis
849 768 967 807 quam
998 755 1166 795 lucidam
1189 767 1380 807 quassans
1400 755 1495 795 haec
1516 753 1651 807 procla
1672 805 1682 810 μ

232 813 371 853 mavit:
398 817 513 864 ‘puer
532 813 572 852 in
595 812 737 851 balneo
759 812 876 863 paulo
897 818 990 852 ante
1009 811 1224 861 aberravit,
1245 824 1441 852 annorum
1463 812 1567 852 circa
1584 810 1694 858 *ivi*

236 870 408 921 crispus,
439 869 588 917 mollis,
620 870 840 917 formosus,
871 869 1033 909 nomine
1056 869 1188 908 Giton.
1228 869 1261 909 si
1282 869 1371 921 quis
1390 881 1481 909 eum
1511 868 1669 908 redder
1699 916 1702 918 v

235 932 302 966 aut
331 932 645 965 commonstrare
675 925 863 974 voluerit,
895 926 1062 978 accipiet
1084 938 1269 966 nummos
1288 925 1419 965 mille’.
1459 937 1536 965 nec
1555 925 1678 978 long

235 996 256 1022 3
275 995 474 1036 praecone
490 982 667 1035 Ascyltos
687 982 814 1022 stabat
833 983 998 1022 amictus
1017 982 1224 1022 discoloria
1246 989 1350 1023 veste
1370 987 1488 1034 atque
1504 982 1545 1021 in
1560 982 1666 1022 lanc
1698 1022 1701 1029 ,

236 1045 422 1092 argentea
444 1039 633 1079 indicium
655 1045 695 1078 et
715 1040 832 1079 fidem
853 1039 1112 1091 praeferebat.
1144 1039 1330 1092 imperavi
1351 1038 1497 1086 Gitoni,
1518 1043 1563 1079 ut
1582 1051 1652 1092 rap
1700 1065 1701 1071 ι

235 1097 303 1136 tim
325 1096 531 1148 grabatum
551 1095 703 1136 subiret
723 1101 1034 1148 annecteretque
1054 1096 1175 1148 pedes
1196 1102 1235 1136 et
1251 1108 1391 1136 manus
1408 1095 1565 1145 institis,
1586 1095 1670 1148 quiv

236 1153 311 1192 bus
331 1153 481 1204 sponda
504 1152 687 1192 culcitam
706 1152 870 1202 ferebat,
891 1165 936 1192 ac
956 1153 1012 1192 sic
1033 1158 1077 1192 ut
1101 1153 1194 1193 olim
1211 1153 1340 1192 Vlixes
1364 1152 1544 1205 Cyclopis
1563 1151 1644 1192 arie
1672 1152 1675 1155 ’

238 1210 493 1257 adhaesisset,
525 1215 707 1249 extentus
736 1209 838 1249 infra
870 1210 1075 1262 grabatum
1107 1210 1369 1250 scrutantium
1396 1209 1573 1249 eluderet
1591 1220 1655 1249 ma
1678 1258 1680 1260 v

238 1279 326 1305 nus.
376 1278 458 1305 non
490 1272 550 1305 est
579 1273 754 1306 moratus
784 1266 901 1306 Giton
932 1266 1143 1318 imperium
1174 1271 1456 1318 momentoque
1485 1265 1665 1318 tempori

237 1322 404 1362 inseruit
434 1322 590 1362 vinculo
620 1335 762 1363 manus
792 1329 831 1362 et
852 1323 1000 1363 Vlixem
1031 1328 1118 1363 astu
1147 1323 1346 1363 simillimo
1376 1322 1481 1362 vicit.
1523 1334 1597 1375 ego
1623 1334 1667 1362 n

237 1379 454 1430 suspicioni
474 1379 741 1430 relinquerem
761 1379 910 1427 locum,
932 1380 1121 1419 lectulum
1144 1379 1383 1420 vestimentis
1403 1379 1559 1432 implevi
1579 1378 1650 1419 uni
1677 1375 1679 1378 ’

238 1447 363 1487 usque
384 1435 556 1476 hominis
576 1436 780 1488 vestigium
802 1436 848 1475 ad
870 1437 1050 1488 corporis
1070 1437 1145 1475 mei
1168 1448 1392 1477 mensuram
1415 1435 1590 1488 figuravi.
1672 1438 1675 1482 J
1710 1480 1712 1483 y

352 1492 510 1531 interim
541 1492 718 1544 Ascyltos
748 1499 792 1532 ut
821 1493 1037 1544 pererravit
1077 1505 1215 1533 omnes
1246 1505 1337 1532 cum
1365 1493 1514 1533 viatore
1545 1492 1655 1532 cell

239 1547 344 1587 venit
373 1548 421 1587 ad
442 1560 581 1596 meam,
613 1554 652 1588 et
680 1549 756 1589 hoc
787 1550 944 1601 quidem
974 1549 1194 1602 pleniorem
1226 1562 1336 1602 spem
1367 1549 1564 1601 concepit,
1596 1560 1674 1600 qu

238 1604 466 1655 diligentius
496 1605 767 1657 oppessulatas
797 1606 947 1645 invenit
978 1607 1095 1645 sores.
1136 1606 1319 1658 publicus
1343 1618 1435 1646 vero
1456 1618 1593 1646 servus
1613 1604 1667 1658 in¹
1709 1619 1711 1622 ·

238 1667 393 1701 sertans
413 1662 682 1702 commissuris
701 1674 861 1702 secures
881 1663 1144 1703 claustrorum
1166 1663 1391 1703 firmitatem
1411 1662 1563 1703 laxavit.
1601 1673 1663 1714 eg

239 1717 287 1756 ad
316 1729 446 1768 genua
475 1718 619 1770 Ascylti
649 1719 845 1770 procubui
875 1726 915 1759 et
944 1731 1017 1771 per
1046 1720 1276 1759 memoriam
1306 1719 1496 1760 amicitiae
1525 1729 1666 1772 pei-qu

239 1774 465 1814 societatem
497 1775 741 1815 miseriarum
773 1776 887 1827 petii,
918 1781 962 1815 ut
981 1775 1119 1816 saltem
1140 1777 1368 1816 ostenderet
1387 1778 1561 1816 fratrem.
1601 1775 1655 1815 im

238 1842 303 1870 mo
324 1837 368 1870 ut
389 1831 504 1870 fidem
526 1831 719 1871 haberent
739 1833 852 1872 fictae
872 1844 1031 1884 preces,
1055 1833 1149 1872 ‘scio
1171 1833 1222 1872 te'
1243 1833 1406 1885 inquam
1427 1833 1607 1885 ‘Ascylte,
1636 1848 1662 1867 ιί

240 1887 499 1927 occidendum
520 1900 582 1927 me
603 1888 768 1928 venisse.
799 1901 878 1940 quo
900 1889 1006 1928 enim
1027 1901 1186 1929 secures
1206 1888 1398 1930 attulisti?
1428 1889 1560 1942 itaque
1581 1887 1666 1929 sat‘'
1699 1923 1701 1926 .

239 1943 481 1983 iracundiam
521 1951 651 1984 tuam:
690 1945 862 1997 praebeo
903 1957 995 1986 ecce
1025 1946 1237 1995 cervicem,
1277 1946 1399 1986 funde
1427 1945 1670 1998 sanguine1

241 2012 359 2051 quem
380 2001 454 2040 suh
485 2007 689 2053 praetextu
711 2002 954 2054 quaestionis
975 2002 1133 2054 petisti’.
1174 2003 1360 2043 amolitur
1378 2003 1556 2056 Ascyltos
1575 2001 1656 2042 invi

242 2057 343 2096 diam
375 2063 414 2097 et
433 2070 475 2098 se
494 2070 587 2097 vero
610 2058 707 2098 nihil
728 2059 831 2098 aliud
852 2070 968 2110 quam
989 2059 1193 2110 fugitivum
1219 2072 1335 2100 suum
1355 2059 1451 2099 dixit
1471 2070 1659 2112 quaerer-

242 2119 408 2153 mortem
430 2127 504 2154 nec
524 2114 696 2155 hominis
717 2116 953 2167 concupisse
975 2129 1048 2156 nec
1068 2117 1268 2169 supplicis,
1290 2117 1428 2169 utique
1448 2116 1533 2156 eius
1553 2127 1659 2168 que

173 2168 228 2210 98
242 2175 332 2222 post
352 2171 505 2210 fatalem
526 2171 650 2210 rixam
671 2172 871 2212 habuisset
891 2173 1149 2213 carissimum.
1185 2179 1224 2213 at
1246 2186 1327 2213 non
1343 2185 1479 2214 servus
1494 2171 1628 2225 public
1700 2181 1702 2183 ·

242 2233 319 2266 tam
340 2227 525 2278 languide
545 2228 635 2280 agit,
657 2229 725 2268 sed
746 2236 898 2281 raptam
914 2230 1084 2282 cauponi
1100 2230 1364 2270 harundinem
1379 2230 1516 2271 subter
1529 2229 1662 2270 lectu

242 2283 360 2323 mittit
381 2285 591 2336 omniaque
614 2285 730 2325 etiam
752 2286 943 2326 foramina
964 2287 1156 2338 parietum
1178 2293 1388 2327 scrutatur.
1434 2285 1629 2327 subduco
1658 2292 1661 2293 ’

243 2339 360 2379 Giton
391 2341 439 2380 ab
470 2342 549 2381 ictu
580 2354 726 2394 corpus
756 2348 795 2383 et
814 2343 979 2383 reducto
1002 2343 1245 2384 timidissime
1265 2344 1407 2396 spiritu
1428 2343 1535 2396 ipsos
1554 2341 1662 2383 sciis*

239 2396 337 2447 phes
358 2409 426 2436 ore
447 2397 633 2450 tangebat

280 2538 287 2546 ⁶
356 2497 377 2528 4
398 2499 642 2538 praepositum
668 2497 830 2541 Bargates
855 2503 1054 2543 procurator
1083 2499 1126 2533 ad
1151 2498 1353 2543 Eumolpum
1370 2498 1384 2544 Ι
1403 2501 1444 2534 15
1470 2497 1588 2533 Vlixes
1624 2514 1627 2527 ι
1652 2508 1654 2514 ’

242 2543 347 2573 ariete
363 2540 376 2583 ss
395 2543 437 2574 22
455 2541 509 2575 hic
534 2542 761 2576 Burmannus
781 2544 786 2587 1
808 2544 900 2588 quod
917 2544 929 2588 ΙΙ
948 2546 991 2579 24
1008 2545 1248 2579 commissuras
1266 2554 1383 2580 secure
1399 2544 1587 2588 Scaliger-a
1611 2563 1615 2568 ·

238 2587 330 2627 pulo
355 2595 505 2620 securem
539 2588 544 2630 1
572 2587 802 2623 infirmitatem
831 2589 844 2634 ΙΙ
874 2591 917 2623 32
943 2593 1111 2633 temptam·
1134 2601 1196 2624 nec
1219 2593 1364 2624 mortem
1388 2589 1535 2624 hominis
1558 2599 1588 2624 c.

244 2630 447 2674 supplicium
467 2631 481 2676 ss
498 2633 540 2666 33
565 2632 720 2672 fortasse
743 2638 877 2678 praeter
897 2635 902 2679 Ι
924 2635 1043 2669 habuit
1460 2638 1463 2639 ⁷
