1728 2886
236 127 290 166 62
855 125 1060 161 PETRONII

234 243 354 282 immo
377 242 532 294 quoties
561 242 781 289 theatrum,
811 247 856 281 ut
885 241 1092 281 recitarem
1123 241 1289 293 aliquid,
1321 242 1482 291 intravi,
1512 242 1585 283 hac
1612 255 1669 284 m

234 299 450 339 adventicia
481 300 662 350 excipere
693 298 916 349 frequentia
956 297 1068 339 solet.
1103 304 1306 339 ceterum
1346 310 1396 338 ne
1426 294 1512 354 [et]
1543 306 1677 340 tecum

233 368 392 407 quoque
414 354 580 395 habeam
601 355 832 403 rixandum,
862 360 948 395 toto
978 354 1041 395 die
1071 366 1134 395 me
1165 355 1214 395 ab
1236 356 1311 395 hoc
1331 354 1421 395 cibo
1442 354 1674 396 abstinebo's

233 411 379 452 ‘immo'
410 412 572 464 inquam
595 424 668 464 ego
691 412 738 452 ‘si
758 411 888 452 eiuras
908 411 1139 452 hodiernam
1161 411 1302 462 bilem,
1333 424 1413 452 una
1433 408 1688 454 cenabimusv

946 482 968 506 *

343 524 488 564 mando
510 525 774 565 aedicularum
795 524 951 565 custodi
971 525 1137 565 cenulae
1157 525 1332 565 officium

942 596 964 619 *

163 643 214 683 91
346 638 457 678 video
490 638 632 678 Gitona
671 651 761 678 cum
802 638 932 678 linteis
963 645 1002 678 et
1031 638 1248 690 strigilibus
1277 637 1418 690 parieti
1446 638 1684 691 applicitum

228 693 381 734 tristem
412 696 717 746 confusumque.
775 695 917 742 scires,
949 707 1031 734 non
1062 695 1232 734 libenter
1261 695 1420 735 servire.
1470 695 1602 748 itaque

229 751 546 803 experimentum
566 752 772 791 oculorum
794 763 976 803 caperem
1670 779 1671 782 ,

228 808 423 847 convertit
443 808 507 847 ille
527 808 702 848 solutum
720 808 863 860 gaudio
894 808 1044 848 vultum
1076 812 1116 848 et
1135 807 1349 848 ‘miserere’
1377 807 1508 860 inquit
1527 809 1676 849 ‘frater'

227 863 295 903 ubi
326 877 433 904 arma
466 878 547 904 non
578 871 691 913 sunt,
731 865 854 904 libere
894 865 1050 916 loquor.
1091 865 1200 917 eripe
1239 877 1303 904 me
1333 864 1477 905 latroni
1506 871 1675 906 cruent=

228 926 266 960 et
287 921 462 973 qualibet
481 922 637 962 saevitia
653 922 936 974 paenitentiam
958 921 1096 961 iudicis
1126 921 1183 961 tui
1212 921 1324 974 puni.
1364 921 1457 962 satis
1486 933 1675 974 magnum-

227 977 302 1017 erit
331 978 477 1018 misero
507 979 708 1027 solacium,
739 984 805 1019 tua
836 978 1036 1018 voluntate
1065 977 1279 1019 cecidisse'.
1320 978 1569 1031 supprimere
1599 991 1675 1031 eg·

227 1035 442 1086 queiellam
483 1035 624 1084 iubeo,
665 1048 716 1075 ne
759 1035 846 1087 quis
886 1035 1050 1075 consilia
1080 1035 1414 1087 deprehendeiet‚
1454 1034 1679 1087 relictoqu

227 1090 422 1144 Eumolpo
444 1116 500 1122 —
522 1105 614 1132 nam
635 1092 675 1132 in
698 1092 840 1132 balneo
858 1104 1018 1131 carmen
1041 1091 1231 1132 recitabat
1251 1114 1307 1120 —
1327 1103 1400 1144 per
1414 1091 1679 1132 tenebrosum

227 1153 266 1187 et
295 1148 497 1188 sordidum
528 1161 732 1201 egressum
763 1149 925 1188 extraho
957 1148 1099 1188 Gitona
1131 1148 1355 1201 raptimque
1385 1148 1426 1188 in
1457 1148 1675 1201 hospitium

225 1216 358 1244 meum
397 1206 571 1257 pervolo.
631 1205 846 1258 praeclusis
885 1205 1027 1245 deinde
1066 1204 1219 1245 foribus
1248 1204 1388 1244 invado
1419 1210 1559 1257 pectus
1586 1217 1649 1246 am

226 1261 406 1312 plexibus
437 1268 476 1302 et
505 1263 708 1314 perfusum
740 1275 785 1302 os
814 1262 986 1302 lacrimis
1014 1261 1138 1302 vultui
1168 1274 1258 1302 meo
1280 1273 1464 1302 consero.
1514 1261 1582 1301 diu
1602 1274 1650 1302 vo
1680 1281 1682 1283 >

226 1329 312 1357 cem
335 1324 476 1358 neuter
506 1319 676 1368 invenit;
708 1331 796 1358 nam
817 1331 918 1371 puer
938 1318 1054 1358 etiam
1075 1317 1314 1370 singultibus
1334 1318 1486 1358 crebris
1506 1317 1661 1359 amabil·

226 1380 366 1426 pectus
387 1381 648 1426 quassaverat.
691 1379 728 1415 ‘o
749 1375 914 1416 facinus’
935 1375 1115 1427 inquam,
1155 1375 1395 1428 ‘indignum‚
1435 1375 1541 1427 quod
1581 1387 1659 1416 am·

225 1436 265 1470 te
287 1432 462 1483 quamvis
483 1432 658 1480 relictus,
680 1438 718 1472 et
737 1432 778 1472 in
801 1433 876 1472 hoc
896 1437 1069 1484 pectore,
1091 1444 1181 1472 cum
1202 1432 1346 1472 vulnus
1375 1432 1519 1484 ingens
1539 1432 1675 1472 fuerit

227 1487 387 1527 cicatrix
407 1501 489 1528 non
513 1495 583 1529 est.
625 1489 719 1541 quid
740 1489 849 1537 dicis,
870 1488 1071 1542 peregrini
1093 1489 1238 1530 amoris
1258 1487 1495 1529 concessio?
1527 1487 1674 1541 dignu

225 1544 299 1584 hac
327 1544 470 1584 iniuria
502 1544 599 1585 fui?’
639 1551 848 1598 postquam
880 1558 922 1586 se
953 1546 1074 1585 amari
1103 1545 1239 1595 sensit,
1270 1545 1525 1598 supercilium
1557 1545 1622 1586 alti
1659 1564 1664 1580 2

225 1601 384 1642 sustulit
1673 1612 1675 1614 ·

935 1672 956 1697 de

339 1716 427 1754 ‘nec
457 1714 603 1754 amoris
632 1714 837 1755 arbitrium
867 1714 915 1754 ad
945 1714 1065 1754 alium
1095 1714 1265 1754 iudicem
1295 1714 1429 1755 detuli·
1469 1715 1538 1755 sed
1569 1715 1670 1755 nihi

223 1770 300 1810 iam
322 1783 482 1822 queror,
505 1771 603 1810 nihil
619 1770 695 1810 iam
711 1771 886 1819 memini,
898 1771 931 1811 si
946 1771 1050 1811 bona
1067 1771 1144 1811 fide
1160 1771 1441 1824 paenitentiam
1457 1770 1661 1812 emendas*

223 1827 320 1867 haec
341 1839 432 1867 cum
453 1828 557 1867 inter
576 1827 746 1879 gemitus
766 1827 1024 1879 lacrimasque
1040 1827 1248 1876 fudissem,
1279 1827 1443 1868 detersit
1462 1828 1527 1868 ille
1547 1828 1670 1880 pallis

223 1883 373 1924 vultum
394 1889 433 1924 et
455 1884 626 1936 ‘quaeso'
647 1884 778 1935 inquit
798 1884 992 1937 ‘Encolpi‚
1014 1884 1132 1924 fidem
1152 1884 1366 1925 memoriae
1382 1890 1472 1925 tuae
1488 1884 1652 1938 appello·

223 1952 296 1992 ego
318 1946 356 1980 te
376 1940 531 1993 reliqui,
563 1953 611 1980 an
643 1946 686 1980 tu
717 1953 780 1981 me
811 1939 1047 1993 prodidisti?
1078 1941 1261 1993 equidem
1283 1942 1408 1981 fateor
1428 1947 1467 1982 et
1486 1953 1581 1994 prae
1602 1954 1658 1982 ιιι

222 1997 332 2037 fero:
364 2009 454 2037 cum
485 1997 585 2038 duos
615 2003 784 2038 armatos
805 1998 996 2046 viderem,
1027 1997 1073 2037 ad
1096 1997 1301 2038 fortiorem
1323 1997 1511 2050 confugi'.
1552 1997 1668 2040 exos'

222 2053 375 2094 culatus
397 2060 536 2106 pectus
565 2054 755 2107 sapientia
787 2055 951 2107 plenum
971 2054 1087 2094 inieci
1111 2055 1330 2096 cervicibus
1359 2066 1526 2103 manus,
1556 2061 1596 2095 et
1626 2067 1650 2096 u

222 2110 333 2150 facile
354 2110 601 2163 intellegeret
620 2111 766 2151 redisse
788 2124 850 2151 me
871 2111 913 2151 in
934 2111 1098 2164 gratiam
1120 2117 1158 2151 et
1174 2112 1321 2164 optima
1337 2111 1414 2152 fide
1430 2111 1644 2152 reviviscen

222 2173 300 2206 tem
321 2167 542 2216 amicitiam,
564 2173 648 2208 toto
667 2174 830 2220 pectore
851 2168 1052 2209 adstrinxi.

154 2223 207 2262 92
335 2229 374 2263 et
394 2224 470 2264 iam
501 2225 618 2277 plena
650 2237 727 2264 nox
759 2230 843 2265 erat
873 2224 1096 2277 mulierque
1127 2236 1249 2264 cenae
1289 2224 1472 2264 mandata
1502 2235 1597 2264 cura
1662 2260 1666 2271 ,

221 2286 299 2329 rat,
332 2293 422 2320 cum
447 2282 663 2334 Eumolpus
694 2282 837 2322 ostium
858 2282 1000 2335 pulsat.
1041 2281 1245 2333 interrogo
1268 2293 1364 2334 ego:
1395 2284 1508 2333 ‘quot
1527 2277 1656 2322 estis‘l

221 2336 427 2389 obiterque
457 2350 530 2390 per
559 2338 696 2378 rimam
729 2338 827 2379 foris
856 2338 1051 2391 speculari
1082 2338 1379 2390 diligentissime
1409 2337 1536 2390 coepi,
1568 2346 1663 2379 ιιιιιι·

220 2393 398 2445 Ascyltos
428 2407 506 2435 una
527 2395 708 2436 venisset.
749 2395 893 2436 deinde
914 2402 958 2435 ut
977 2395 1105 2436 solum
1125 2395 1322 2447 hospitem
1351 2394 1440 2444 vidi,
1462 2399 1652 2434 moment

337 2495 351 2527 1
380 2493 434 2527 hic
459 2495 515 2528 vel
537 2495 600 2529 hec
617 2495 630 2539 ΙΙ
648 2497 667 2529 3
692 2495 798 2529 rixam
817 2494 1027 2529 [fichardus.
1075 2495 1199 2528 dubito
1224 2498 1344 2528 autem
1366 2503 1416 2526 an
1440 2494 1568 2527 omissa
1591 2494 1624 2526 st·

220 2536 308 2570 talia
341 2539 551 2574 mehercules
582 2541 649 2574 iam
683 2539 696 2585 ΙΙ
729 2542 767 2575 11
802 2541 1008 2575 sententiam
1036 2551 1107 2584 pro
1139 2539 1383 2585 paenitentiam
1409 2537 1620 2582 scalig-oran

214 2583 335 2625 primo
352 2583 365 2627 ΙΙ
386 2586 425 2618 17
451 2585 549 2619 vultu
573 2596 649 2620 meo
675 2589 815 2621 contero
839 2587 851 2629 ΙΙ
880 2587 924 2621 24
949 2585 1011 2620 tuli
1035 2589 1100 2619 aut
1124 2585 1203 2620 tulit
1226 2585 1239 2630 ΙΙ
1264 2587 1308 2620 25
1331 2584 1539 2620 sententiam
1560 2595 1596 2618 r

218 2629 388 2662 tuendum
414 2631 543 2673 opinor
566 2631 724 2676 iterumn
743 2634 785 2667 31
811 2643 861 2665 an
885 2631 1116 2666 reviviscere?
1636 2648 1639 2657 1
