1728 2886
2 247 46 307 ft·
63 263 183 291 unum
204 257 423 298 memento,
447 263 527 290 non
547 262 611 290 me
630 251 696 290 sed
717 251 978 291 instrumenta
999 262 1192 303 peccasse.
1232 257 1390 303 paratus
1410 251 1483 291 mi-

6 308 25 359 g
62 308 118 348 les
137 319 243 347 arma
266 320 346 347 non
369 306 500 347 habui.
540 307 628 358 quis
647 307 722 346 hoc
742 306 978 355 turbaverit,
1010 308 1154 347 nescio.
1204 308 1366 348 forsitan
1398 307 1482 347 ani-

63 377 150 404 mus
170 364 379 404 antecessit
400 363 577 415 corporis
596 375 759 410 moram,
780 363 942 403 forsitan
964 363 1056 403 dum
1078 364 1207 403 omnia
1229 364 1482 416 concupisco,

62 421 298 473 voluptatem
327 427 504 471 tempore
533 420 771 471 consumpsi.
812 432 893 459 non
924 420 1094 467 invenio,
1116 421 1221 471 quod
1243 421 1330 460 feci.
1370 432 1478 473 para-

62 477 159 530 lysin
181 483 310 516 tamen
334 488 468 516 cavere
489 475 622 515 iubes:
653 481 838 527 tanquam
870 488 914 516 ea
944 476 1067 516 maior
1096 477 1180 515 fieri
1211 478 1352 528 possit,
1385 489 1484 529 quae

62 533 222 574 abstulit
242 533 349 582 mihi,
378 544 450 585 per
479 533 584 584 quod
608 532 722 572 etiam
750 537 789 571 te
819 532 962 572 habere
992 533 1116 585 potui.
1174 545 1321 573 summa
1353 540 1482 573 tamen

9 590 34 638 ’,χ
61 589 324 631 excusationis
342 601 451 629 meae
471 589 568 630 haec
588 594 664 629 est:
686 588 849 643 placebo
870 588 953 638 tibi,
974 590 1007 630 si
1027 601 1090 629 me
1105 589 1260 641 culpam
1277 590 1485 630 emendare

11 655 33 701 ’ᾗῇ
61 645 297 699 permiseris’
765 699 787 723 *

15 812 18 814 .
181 758 189 813 Ι
212 759 369 800 dimissa
399 771 488 798 cum
518 757 708 799 eiusmodi
737 758 1017 810 pollicitatione
1038 758 1224 812 Chryside
1244 758 1374 799 curavi
1401 758 1486 798 dili-

67 816 224 869 gentius
265 815 580 856 noxiosissimum
621 827 787 866 corpus,
827 815 1046 866 balneoque
1085 815 1296 867 praeterito
1335 815 1486 855 modica

3 883 24 917 Q-
65 873 251 913 unctione
271 884 377 920 usus,
399 884 487 911 mox
510 871 606 911 cibis
625 871 874 911 validioribus
894 877 1046 923 pastus,
1076 872 1113 911 id
1143 877 1200 912 est
1220 871 1349 912 bulbis
1369 871 1488 912 coch-

4 939 7 964 ῑ
63 931 292 980 learumque
313 929 398 968 sine
419 928 503 968 iure
524 928 752 975 cervicibus,
774 928 885 967 hausi
902 929 1058 979 parcius
1079 940 1244 968 merum.
1284 929 1377 968 hinc
1396 934 1487 968 ante

3 1064 5 1066 v
65 1043 146 1083 lum
186 1041 338 1083 intravi.
398 1046 503 1080 tanta
533 1046 617 1080 erat
645 1041 823 1092 placandi
845 1053 959 1089 cura,
998 1047 1042 1080 ut
1079 1041 1277 1089 timerem,
1309 1054 1359 1081 ne
1389 1042 1487 1081 latus

4 1117 30 1131 *2
67 1110 197 1140 meum
217 1099 338 1138 frater
358 1097 606 1138 convelleret.
645 1103 804 1149 postero
826 1097 899 1145 die,
923 1110 1012 1137 cum
1033 1098 1117 1138 sine
1140 1098 1288 1138 offensa
1309 1097 1489 1150 corporis

15 1176 17 1178 ·
66 1155 264 1207 animique
284 1155 638 1202 consurrexissem,
659 1153 699 1193 in
722 1154 890 1194 eundem
911 1154 1119 1206 platanona
1140 1154 1349 1203 descendi,
1371 1155 1487 1194 etiam

14 1218 18 1242 ῑ
67 1213 98 1254 si
121 1213 251 1252 locum
271 1211 556 1263 inauspicatum
578 1210 780 1259 timebam,
812 1211 1003 1263 coepique
1033 1211 1137 1250 inter
1166 1210 1327 1250 arbores
1347 1211 1486 1250 ducem

13 1287 15 1290 ·
68 1268 220 1309 itineris
248 1274 453 1321 expectare
492 1266 730 1319 Chrysidem.
790 1279 864 1307 nec
897 1268 964 1307 diu
999 1268 1185 1319 spatiatus
1220 1267 1487 1315 consederam,

15 1338 32 1365 1:
69 1325 136 1366 ubi
155 1325 341 1365 hesterno
362 1325 424 1364 die
444 1325 616 1372 fueram,
638 1336 726 1363 cum
747 1323 810 1363 illa
831 1324 938 1364 intus
958 1324 1063 1364 venit
1082 1325 1266 1364 comitem
1295 1324 1489 1364 aniculam

66 1382 237 1423 trahens.
277 1387 393 1434 atque
413 1387 457 1421 ut
476 1393 539 1420 me
559 1380 826 1428 consalutavit‚
849 1380 956 1432 ‘quid
978 1380 1047 1421 est’
1067 1381 1196 1432 inquit
1215 1381 1393 1427 ‘fastose,
1424 1392 1489 1420 ec·

68 1438 160 1492 quid
179 1439 324 1478 bonam
345 1444 518 1478 mentem
538 1437 682 1477 habere
702 1435 906 1489 coepisti‘P

181 1495 244 1535 illa
274 1495 322 1535 de
348 1495 438 1534 sinu
467 1494 597 1534 licium
628 1493 793 1546 protulit
820 1493 915 1533 varii
934 1493 1078 1533 coloris
1098 1494 1172 1533 filis
1193 1494 1383 1533 intortum
1404 1505 1490 1533 cer-

15 1582 23 1594 „
70 1553 271 1604 vicemque
299 1551 422 1591 vinxit
450 1563 589 1590 meam.
638 1562 727 1589 mox
757 1549 955 1590 turbatum
984 1557 1101 1602 sputo
1133 1550 1331 1602 pulverem
1362 1550 1489 1590 medio

69 1608 225 1649 sustulit
243 1608 363 1660 digito
384 1608 634 1658 frontemque
655 1607 913 1658 repugnantis
932 1607 1097 1658 signavit

29 1755 31 1757 ,
181 1721 256 1761 hoc
275 1726 435 1785 peracto
465 1719 637 1759 carmine
667 1725 728 1758 ter
755 1731 817 1759 me
848 1718 959 1759 iussit
989 1731 1166 1772 expuere
1180 1725 1318 1771 terque
1340 1719 1491 1772 lapillos

18 1792 34 1814 ·’.
71 1778 253 1818 conicere
273 1778 313 1817 in
335 1778 486 1824 sinum,
517 1788 617 1828 quos
647 1776 728 1827 ipsa
759 1781 1031 1839 praecantatos
1062 1788 1235 1839 purpura
1265 1776 1489 1824 involverat,

40 1852 41 1855 ¹
71 1834 314 1898 admotisque
334 1833 514 1873 manibus
536 1838 724 1884 temptare
741 1833 870 1885 coepit
885 1832 1093 1896 inguinum
1108 1833 1221 1873 vires.
1252 1833 1354 1872 dicto
1376 1833 1492 1872 citius

72 1891 180 1932 nervi
201 1895 418 1943 paruerunt
438 1889 602 1941 imperio
624 1901 841 1940 manusque
862 1889 1037 1928 aniculae
1057 1889 1208 1941 ingenti
1228 1895 1336 1929 motu
1359 1889 1491 1942 reple-

70 1954 223 1987 verunt.
262 1954 302 1987 at
320 1947 383 1986 illa
404 1946 546 1998 gaudio
566 1945 744 1986 exultans
766 1945 895 1985 ‘vides’
916 1945 1043 1997 inquit
1065 1945 1233 1998 ‘Chrysis
1254 1958 1351 1993 mea,
1372 1946 1491 1993 vides,

32 2017 51 2037 ·
71 2004 174 2056 quod
196 2004 279 2044 aliis
298 2004 473 2056 leporem
494 2002 654 2042 excitavi
665 2000 696 2041 ‘2‘

769 2072 790 2095 *

41 2126 69 2162 o
211 2119 216 2167 1
245 2116 386 2157 nobilis
406 2115 567 2156 aestivas
586 2115 766 2167 platanus
785 2114 991 2153 diffuderat
1011 2113 1170 2154 umbras

242 2180 280 2213 et
300 2173 406 2213 bacis
426 2171 601 2212 redimita
624 2172 786 2224 Daphne
807 2171 1072 2222 tremulaeque
1094 2182 1303 2222 cupressus

244 2236 282 2270 et
301 2230 448 2270 circum
469 2234 603 2268 tonsae
624 2227 833 2280 trepidanti
856 2228 997 2267 vertice
1018 2227 1147 2279 pinus.

241 2287 312 2326 has
331 2286 435 2326 inter
454 2285 610 2325 ludebat
630 2284 740 2336 aquis
758 2283 982 2324 errantibus
1001 2283 1126 2323 amnis

242 2355 428 2395 spumeus
449 2347 487 2381 et
506 2341 671 2393 querulo
693 2341 852 2380 vexabat
872 2353 961 2380 rore
982 2340 1144 2392 lapillos.

244 2399 385 2451 dignus
405 2410 537 2438 amore
557 2398 684 2438 locus:
706 2398 816 2437 testis
835 2397 1019 2437 silvestris
1038 2397 1161 2436 aedon

190 2546 210 2578 5
234 2546 288 2585 ea]
311 2544 376 2577 iam
403 2543 496 2585 libri,
519 2542 646 2576 delevit
670 2542 862 2576 Sambuom
891 2541 903 2585 ΙΙ
931 2543 951 2575 6
982 2541 1082 2575 etiam
1115 2551 1180 2574 om.
1205 2540 1457 2583 Scaliger-anus
1479 2540 1492 2583 u

82 2590 123 2624 13
146 2589 314 2625 lenissima
343 2588 581 2623 Tor-nausiam
600 2588 612 2631 ΙΙ
632 2589 672 2621 14
687 2586 839 2626 fortasse
856 2586 1039 2631 placandae
1056 2585 1166 2619 Circes
1183 2585 1196 2629 11
1217 2586 1256 2620 19
1281 2585 1461 2619 intervenit
1475 2586 1487 2630 ΙΙ

81 2634 124 2669 28
147 2634 340 2678 repulerunt
363 2634 510 2667 Iahnius
526 2633 539 2677 ΙΙ
557 2636 599 2668 30
624 2642 722 2676 quem
747 2631 907 2665 Nodotus
922 2631 934 2676 ΙΙ
954 2632 996 2666 35
1020 2631 1177 2665 versabat
1201 2631 1446 2664 Pannoniam

157 2694 285 2723 Petroni}
305 2693 412 2723 tatii-ae
432 2694 479 2722 ed.
499 2693 539 2722 111
707 2685 712 2690 ”
1204 2689 1221 2720 7

64 998 244 1027 somnum
266 985 456 1025 levissima
486 984 749 1024 ambulatione
779 985 1021 1036 compositus
1049 985 1134 1024 sine
1153 984 1296 1024 Gitone
1326 985 1487 1025 cubicu-
1516 1010 1517 1013 =

677 135 862 171 SATfflAE
1428 135 1479 174 97
1528 142 1530 144 ’

1522 1098 1622 1139 131-
