1780 2892
301 169 351 207 16
905 161 1108 196 PETRONII

1003 289 1024 314 *

415 342 623 390 operuerat
644 335 820 387 Ascyltos
849 332 967 385 pallio
988 338 1126 384 caput,
1158 330 1382 370 admonitus
1402 329 1549 371 scilicet
1568 330 1724 383 pericu·
1738 329 1768 364 L

303 395 430 435 losum
452 405 557 441 esse,
579 392 714 431 alienis
734 389 973 430 intervenire
995 387 1156 428 secretis

1004 458 1026 482 *

416 507 509 545 duas
540 504 692 544 institas
722 503 861 542 ancilla
891 501 1055 553 protulit
1084 500 1131 539 de
1162 499 1250 539 sinu
1281 499 1481 551 alteraque
1503 499 1623 552 pedes
1654 511 1726 538 no-

305 568 407 603 stros
427 561 605 613 alligavit,
627 561 746 600 altera
766 570 905 598 manus

1009 627 1030 652 ,κ

423 675 597 727 Ascyltos
617 674 691 713 iam
713 672 918 712 deficiente
948 665 1165 710 fabularum
1189 674 1376 708 contextu
1398 666 1532 720 ‘quid?
1563 667 1648 719 ego’
1671 669 1732 708 in·
1760 665 1780 698 5

308 732 391 783 quit
422 735 515 771 ‘non
555 743 641 770 sum
681 730 822 781 dignus
861 727 927 779 qui
969 724 1137 766 bibam?'
1178 725 1319 765 ancilla
1348 725 1430 765 risu
1459 737 1547 764 meo
1579 724 1734 777 prodita

308 788 516 839 complosit
536 799 673 826 manus
695 792 732 825 et
753 783 931 837 ‘apposui
954 783 1110 835 quidem
1133 796 1155 820 *
1177 782 1426 830 adulescens,
1456 781 1562 822 solus
1581 787 1734 821 tantum

309 845 635 884 medicamentum
657 840 853 882 ebibisti?
897 841 1012 880 ‘itane
1035 838 1134 879 θεῖ’.Ρ
1176 838 1305 890 inquit
1326 838 1514 885 Quartilla
1534 837 1732 890 ‘quicquid

310 901 451 941 saturei
472 900 556 948 fuit,
578 898 794 951 Encolpius
815 896 937 937 ebibit
948 895 979 936 ‘2’

1013 966 1034 991 'k

424 1026 505 1053 non
528 1011 728 1052 indecenti
748 1011 830 1051 risu
850 1011 969 1050 latera
991 1009 1200 1049 commovit
1765 1016 1780 1051 1

1013 1080 1034 1105 *

422 1125 428 1177 Ι
455 1138 500 1165 ac
522 1139 570 1166 ne
588 1126 703 1165 Giton
727 1125 882 1176 quidem
904 1123 1040 1163 ultimo
1062 1122 1184 1162 risum
1206 1121 1352 1168 tenuit,
1374 1121 1509 1172 utique
1530 1122 1780 1173 postquamL·

314 1182 543 1234 virguncula
573 1182 763 1222 cervicem
788 1181 871 1221 eius
891 1180 1029 1220 invasit
1051 1185 1088 1219 et
1110 1191 1190 1218 non
1213 1177 1452 1230 repugnanti
1472 1189 1596 1230 puero
1618 1176 1737 1216 innu-

316 1239 516 1279 merabilia
538 1239 669 1278 oscula
691 1238 796 1278 dedit

1016 1306 1038 1331 ,κ

251 1355 303 1396 21
427 1350 433 1405 Ι
459 1351 682 1391 volebamus
703 1350 835 1390 miseri
857 1349 1089 1395 exclamare,
1121 1348 1188 1388 sed
1211 1359 1284 1386 nec
1306 1347 1346 1386 in
1368 1345 1510 1386 auxilio
1530 1351 1614 1386 erat
1633 1345 1740 1398 quis·
1755 1342 1780 1377 L'

320 1421 445 1460 quam,
469 1414 507 1448 et
527 1408 619 1447 hinc
640 1407 787 1459 Psyche
809 1419 880 1446 acu
903 1405 1113 1446 comatoria
1134 1404 1308 1456 cupienti
1329 1403 1423 1442 mihi
1445 1403 1628 1443 invocare
1645 1401 1741 1449 Qui·
1772 1407 1780 1442 1

318 1465 436 1505 ritum
457 1466 571 1504 fidem
589 1464 708 1504 malas
726 1463 935 1515 pungebat,
952 1462 1058 1502 illinc
1074 1461 1203 1514 puella
1219 1459 1416 1513 penicillo,
1439 1460 1543 1512 quod
1561 1465 1599 1500 et
1613 1459 1742 1511 ipsum

319 1528 474 1561 satureo
496 1521 686 1570 tinxerat,
708 1520 892 1572 Ascylton
915 1518 1162 1572 opprimebat

1025 1589 1046 1613 *

435 1634 570 1674 ultimo
593 1633 778 1673 cinaedus
797 1632 1024 1684 supervenit
1044 1636 1192 1684 myrtea
1213 1629 1452 1671 subornatus
1472 1640 1640 1681 gausapa
1661 1628 1744 1668 cin-

323 1690 493 1744 guloque
514 1690 738 1730 succinctus

436 1747 550 1786 modo
579 1746 739 1786 extortis
759 1758 833 1785 nos
853 1744 1035 1784 clunibus
1056 1743 1218 1793 cecidit,
1249 1743 1366 1783 modo
1388 1742 1505 1783 basiis
1526 1739 1746 1781 olidissimis
1772 1746 1780 1781 1

324 1803 562 1855 inquinavit,
593 1803 719 1842 donec
741 1802 929 1848 Quartilla
961 1800 1232 1840 balaenaceam
1262 1806 1404 1839 tenens
1423 1799 1571 1850 virgam
1592 1797 1746 1849 alteque

324 1860 523 1900 succincta
543 1859 654 1898 iussit
674 1858 895 1897 infelicibus
915 1857 996 1897 dari
1017 1856 1242 1896 missionem

1024 1927 1045 1951 *

439 1977 604 2023 uterque
635 1976 813 2010 nostrum
845 1969 1145 2022 religiosissimis
1175 1967 1313 2009 iuravit
1341 1966 1489 2015 verbis,
1522 1966 1627 2008 inter
1651 1965 1749 2006 duos

325 2029 542 2081 periturum
565 2040 649 2068 esse
670 2034 748 2067 tam
768 2026 956 2066 horribile
976 2033 1171 2066 secretum

1031 2096 1053 2120 *

439 2141 684 2181 intraverunt
713 2125 956 2193 palaestritae
978 2139 1200 2190 complures
1222 2143 1260 2177 et
1281 2149 1353 2176 nos
1374 2135 1546 2188 legitimo
1568 2135 1750 2187 perfusos
1777 2145 1780 2174 ¹,

329 2199 415 2238 oleo
436 2199 672 2237 refecerunt.
713 2203 915 2247 utcunque
937 2208 1030 2247 ergo
1051 2194 1277 2235 lassitudine
1298 2193 1446 2232 abiecta
1467 2191 1666 2232 cenatoria
1687 2203 1750 2231 re-

329 2255 497 2307 petimus
527 2259 566 2293 et
597 2253 638 2293 in
669 2253 886 2306 proximam
917 2252 1054 2292 cellam
1084 2251 1189 2291 ducti
1210 2262 1366 2297 sumus,
1396 2249 1437 2288 in
1463 2260 1540 2301 qua
1560 2253 1641 2288 tres
1661 2247 1751 2288 lecti

329 2312 438 2352 strati
469 2316 581 2351 erant
596 2315 598 2319 '
611 2315 649 2350 et
669 2310 843 2362 reliquus
863 2309 1099 2349 lautitiarum
1123 2312 1330 2360 apparatus
1351 2304 1663 2358 splendidissime
1683 2315 1752 2344 ex-

443 2402 462 2433 5
488 2409 567 2443 ergo
586 2400 598 2443 11
617 2402 634 2433 7
662 2398 821 2442 apposuit
841 2397 846 2441 Ι
868 2400 978 2431 tamen
1007 2397 1262 2439 Scaliger-anus
1278 2395 1291 2439 ΙΙ
1310 2396 1329 2429 8
1355 2395 1412 2427 hic
1435 2392 1619 2437 Encolpius
1644 2391 1752 2427 ebibit

330 2443 583 2478 conlocandum
608 2455 678 2477 esse
696 2447 729 2476 et
745 2445 764 2478 9
783 2443 917 2477 ebibisti
931 2443 1132 2477 Strelitzins
1149 2443 1264 2474 censet
1283 2441 1289 2485 Ι
1309 2440 1343 2473 in
1361 2439 1447 2473 libro
1463 2437 1559 2472 xlm.
1577 2436 1634 2472 ubi
1649 2436 1754 2478 Quar-

331 2489 404 2523 tilla
421 2489 618 2533 interposita
631 2489 760 2523 Ascilto
776 2491 808 2522 et
821 2488 984 2531 Encolpio
998 2488 1176 2532 propinato
1189 2487 1310 2520 iterum
1327 2485 1384 2518 illa
1403 2486 1497 2527 parte
1515 2483 1753 2527 [eoepwtabam

331 2535 489 2579 propinat
505 2538 538 2568 et
555 2535 634 2569 huic
647 2534 767 2568 ancilla
782 2536 925 2578 partem]
939 2533 1057 2567 Ascilti
1073 2532 1188 2566 tribuit
1201 2531 1242 2565 ad
1256 2530 1451 2575 potandum.
1476 2529 1566 2564 unde
1589 2529 1637 2562 ait
1649 2527 1754 2568 Quar-

332 2579 404 2614 tilla
422 2580 595 2624 ‘quicquid
611 2580 724 2614 satirei
743 2579 816 2621 fuit,
833 2578 1015 2623 Encolpius
1033 2578 1138 2612 ebibit
1146 2578 1171 2610 Τ
1203 2577 1394 2619 adscripsit
1415 2574 1651 2619 interpolator·
1665 2571 1766 2626 Ful,-F

327 2627 580 2714 ⁴{calventi}Smer-bis
603 2627 653 2678 et's
677 2636 765 2668 quae
789 2626 827 2657 in
851 2623 899 2664 fin
913 2624 985 2658 VII
1001 2625 1107 2668 posui
1129 2624 1167 2655 in
1193 2622 1313 2656 codice
1329 2622 1492 2654 Parisino
1510 2619 1599 2655 7975
1621 2617 1771 2675 saeculfo

495 2681 656 2715 gausapia
1710 2680 1712 2682 ·
