1728 2886
700 117 886 154 SATIRAE
1450 117 1502 156 83

7 229 41 246 ‘¹'
69 238 257 285 tanquam
278 231 318 272 in
343 231 565 284 pestilentia
584 244 762 285 campos,
791 233 831 272 13
855 233 998 285 quibus
1020 233 1118 273 nihil
1137 233 1239 273 aliud
1263 239 1320 274 est
1341 233 1416 274 nisi
1439 245 1503 273 ca-

70 289 230 338 davera,
252 301 352 341 quae
373 289 616 338 lacerantur,
638 295 705 328 aut
725 289 852 337 corvi,
876 290 943 341 qui
961 290 1148 329 lacerant’

778 359 800 383 ᾗ(

15 441 21 444 .
179 402 414 454 prudentior
443 401 661 453 Eumolpus
696 401 890 440 convertit
918 402 964 440 ad
998 401 1209 441 novitatem
1239 402 1296 442 rei
1327 406 1499 442 mentem
1536 403 1618 443 117

67 470 273 511 genusque
303 457 553 498 divinationis
582 457 656 498 sibi
688 469 768 496 non
801 457 1008 509 displicere
1038 459 1243 498 confessus
1271 463 1342 498 est.
1383 458 1503 497 iocari

7 514 41 557 ’ὓ
67 528 140 568 ego
171 527 307 555 senem
337 514 491 566 poetica
522 513 677 553 levitate
698 513 930 561 credebam,
961 525 1051 553 cum
1071 514 1135 553 ille
1159 514 1321 554 ‘utinam
1343 515 1502 566 quidem

11 589 13 595 ⁴
27 572 267 613 sufficeret
294 571 440 623 largior
469 582 631 618 scaena,
662 569 700 609 id
722 575 780 610 est
800 570 916 610 vestis
937 570 1166 618 humanior,
1191 571 1501 610 instrumentum

12 622 18 646 ³
65 628 221 676 lautius,
244 627 347 679 quod
368 625 577 680 praeberet
597 626 804 667 mendacio
827 627 963 666 fidem:
988 639 1067 666 non
1090 602 1336 667 mehercules
1356 639 1501 679 penam

10 686 15 737 ἦ
65 685 176 726 istam
214 684 434 730 differrem,
474 683 541 723 sed
582 684 772 723 continuo
803 695 872 723 vos
903 684 948 723 ad
981 695 1142 735 magnas
1176 696 1272 736 opes
1301 683 1501 723 ducerem.

65 741 202 793 atquin
232 741 444 793 promitto,
481 740 666 791 quicquid
698 740 893 791 exigeret,
925 740 1136 779 dummodo
1166 740 1340 792 placeret
1370 739 1501 788 vestis,

12 847 15 855 ¹
66 798 228 850 rapinae
267 809 419 845 comes,
457 801 495 835 et
526 796 714 848 quicquid
743 796 913 849 Lycurgi
950 796 1038 836 villa
1077 796 1345 849 grassantibus
1381 808 1499 848 prae-

11 856 17 861 ‘
65 853 225 895 buisset.
266 866 355 893 nam
389 865 571 892 nummos
600 852 639 892 in
671 858 919 905 praesentem
950 865 1065 892 usum
1096 854 1210 893 deum
1240 858 1406 892 matrem
1426 865 1498 905 pro

65 910 142 951 fide
162 922 232 950 sua
253 909 506 949 reddituram’

179 1022 285 1074 ‘quid
307 1020 414 1072 ergo’
435 1021 562 1072 inquit
580 1020 797 1072 Eumolpus
814 1023 1024 1061 ‘cessamus
1044 1021 1208 1061 mimum
1231 1019 1502 1073 componere?

65 1079 180 1120 facite
209 1090 304 1130 ergo
335 1089 398 1117 me
425 1077 650 1125 dominum,
681 1076 712 1116 si
735 1077 949 1129 negotiatio
971 1077 1124 1130 placet.'
1166 1090 1283 1117 nemo
1305 1090 1423 1117 33535
1445 1082 1504 1117 est

65 1141 188 1176 artem
219 1135 406 1175 damnare
427 1134 525 1173 nihil
546 1134 802 1173 auferentem.
843 1134 974 1185 itaque
995 1139 1041 1173 ut
1060 1134 1221 1174 duraret
1240 1134 1345 1174 inter
1365 1146 1503 1173 omnes

65 1198 193 1232 tutum
223 1191 494 1238 mendacium,
525 1190 564 1230 in
596 1190 714 1229 verba
736 1189 919 1242 Eumolpi
950 1197 1239 1230 sacramentum
1260 1190 1500 1230 iuravimus:

65 1249 147 1297 uri,
169 1248 328 1296 vinciri,
350 1247 550 1287 verberari
570 1247 755 1298 ferroque
777 1247 923 1295 necari,
945 1252 983 1286 et
1004 1247 1193 1298 quicquid
1213 1247 1316 1286 aliud
1338 1246 1501 1286 Eumol-

64 1317 139 1358 pus
158 1305 348 1346 iussisset.
393 1310 580 1355 tanquam
611 1303 770 1354 legitimi
792 1303 1025 1355 gladiatores
1045 1303 1205 1343 domino
1227 1315 1396 1356 corpora
1416 1303 1501 1342 ani-

37 1383 41 1385 ·
65 1373 226 1413 masque
261 1360 552 1413 religiosissime
584 1359 810 1400 addicimus.
860 1366 950 1412 post
979 1365 1183 1412 peractum
1212 1365 1502 1400 sacramentum

64 1418 255 1458 serviliter
285 1418 364 1457 ficti
394 1416 598 1456 dominum
629 1416 942 1465 consalutamus,
974 1417 1196 1468 elatumque
1227 1416 1275 1456 ab
1306 1416 1501 1467 Eumolpo

62 1475 185 1515 filium
206 1474 356 1527 pariter
378 1473 654 1521 condiscimus,
677 1473 857 1512 iuvenem
880 1473 1053 1525 ingentis
1074 1473 1323 1524 eloquentiae
1345 1478 1383 1512 et
1403 1472 1501 1524 spei,

63 1531 230 1583 ideoque
251 1531 299 1570 de
319 1530 471 1570 civitate
493 1541 561 1569 533
582 1529 850 1569 miserrimum
872 1541 1008 1569 senem
1026 1530 1165 1578 exisse,
1187 1542 1238 1569 ne
1254 1535 1322 1569 aut
1337 1528 1502 1569 clientes

63 1587 294 1639 sodalesque
326 1586 392 1626 filii
422 1586 482 1626 sui
512 1592 578 1625 aut
607 1585 832 1638 sepulcrum
863 1586 1038 1637 quotidie
1069 1598 1230 1625 causam
1251 1585 1501 1625 lacrimarum

16 1654 48 1685 a:
63 1650 257 1684 cerneret.
298 1643 507 1683 accessisse
538 1641 628 1681 huic
658 1642 836 1682 tristitiae
866 1642 1091 1694 proximum
1113 1642 1363 1694 naufragium
1381 1672 1391 1689 ,
1421 1653 1500 1692 quo

37 1703 41 1712 ²
63 1701 231 1753 amplius
272 1700 389 1739 vicies
426 1699 649 1739 sestertium
679 1698 872 1746 amiserit;
913 1711 987 1738 nec
1017 1698 1125 1738 illum
1156 1699 1305 1739 iactura
1335 1697 1499 1746 moveri,

25 1781 39 1809 .‘
63 1758 130 1798 sed
151 1756 378 1797 destitutum
396 1755 614 1795 ministerio
636 1767 717 1794 non
739 1766 955 1806 agnoscere
977 1755 1203 1806 dignitatem
1224 1766 1348 1795 suam.
1386 1766 1501 1807 prae-

63 1819 170 1854 terea
191 1813 334 1853 habere
355 1812 393 1852 in
412 1811 539 1851 Africa
561 1811 773 1851 trecenties
794 1811 1018 1851 sestertium
1039 1811 1172 1851 fundis
1189 1811 1498 1862 nominibusque

64 1869 306 1923 depositum;
336 1881 426 1908 nam
448 1867 631 1908 familiam
654 1867 811 1919 quidem
834 1873 910 1907 tam
932 1880 1114 1920 magnam
1134 1880 1206 1920 per
1227 1880 1342 1920 agros
1361 1867 1498 1907 Numi-

28 1943 44 1965 =22
65 1926 151 1967 diae
171 1938 257 1967 esse
276 1937 450 1978 sparsam
465 1955 475 1973 ,
498 1930 542 1963 ut
562 1925 685 1976 possit
705 1925 765 1964 vel
787 1924 1061 1976 Carthaginem
1083 1936 1238 1977 capere.
1279 1924 1499 1964 secundum

62 1983 164 2024 hanc
194 1982 401 2023 formulam
433 1982 673 2033 imperamus
703 1980 921 2032 Eumolpo,
951 1987 995 2021 ut
1025 1981 1239 2032 plurimum
1269 1980 1427 2028 tussiat,
1458 1984 1503 2019 ut

63 2040 114 2080 sit
151 2039 268 2079 modo
306 2038 507 2079 solutioris
543 2038 734 2077 stomachi
775 2036 964 2089 cibosque
994 2049 1132 2077 omnes
1162 2037 1291 2089 palam
1320 2037 1501 2085 damnet;

63 2095 248 2148 loquatur
276 2107 414 2136 aurum
445 2101 484 2134 et
509 2099 714 2145 argentum
737 2094 960 2145 fundosque
980 2093 1191 2133 mendaces
1212 2099 1251 2132 et
1269 2098 1501 2145 perpetuam

65 2158 258 2194 terrarum
281 2151 524 2192 sterilitatem
541 2163 550 2197 ;
573 2151 702 2190 sedeat
726 2156 927 2202 praeterea
946 2150 1120 2202 quotidie
1136 2150 1183 2190 ad
1200 2149 1373 2189 rationes
1387 2148 1502 2188 tabu-

65 2208 199 2261 lasque
219 2208 441 2249 testamenti
464 2206 650 2247 omnibus
670 2207 861 2247 mensibus
882 2212 1055 2246 renovet.
1092 2213 1130 2246 et
1152 2219 1202 2246 ne
1223 2205 1317 2258 quid
1338 2217 1502 2245 scaenae

65 2265 228 2313 deesset,
251 2265 564 2317 quotiescunque
587 2263 757 2315 aliquem
775 2269 956 2304 nostrum
970 2275 1112 2303 vocare
1128 2268 1369 2314 temptasset,
1385 2261 1502 2301 alium

66 2333 139 2377 pro
166 2322 240 2362 alio
262 2327 440 2369 vocaret,
470 2326 515 2360 ut
536 2320 647 2360 facile
668 2327 878 2372 appareret
897 2319 1102 2359 dominum
1124 2319 1241 2359 etiam
1261 2330 1398 2358 eorum
1419 2329 1502 2357 me—

65 2378 248 2427 minisse,
270 2379 336 2429 qui
359 2382 589 2430 praesentes
611 2389 692 2416 non
715 2382 859 2417 essent.

180 2479 200 2512 5
225 2477 376 2521 quidem]
401 2476 629 2510 inser-endum
653 2475 764 2518 inquit
779 2475 792 2518 11
813 2477 830 2508 Ἶ
856 2474 960 2508 131135
980 2472 988 2519 Ι
1008 2483 1104 2517 spem
1131 2474 1330 2515 Iac-obsim,
1354 2472 1505 2516 rapinam

68 2532 133 2566 ego
149 2525 283 2556 conium·
300 2522 350 2567 119
376 2523 512 2566 exigere
531 2523 730 2554 correctum
754 2521 793 2552 in
810 2520 1065 2562 Scalzgerano:
1093 2520 1231 2553 commi
1253 2519 1404 2562 exigeret
1419 2517 1506 2551 duce

68 2576 135 2611 ne,
155 2567 257 2602 modo
275 2568 288 2612 ΙΙ
306 2570 347 2603 21
375 2567 584 2601 condicimus
602 2564 615 2610 ss
634 2567 672 2600 31
702 2564 816 2605 modo]
843 2565 1026 2599 intercidit
1049 2565 1222 2609 aliquid,
1202 2563 1380 2605 ‘tortasse
1402 2562 1506 2596 modo

69 2593 290 2648 adniti-ictinus
309 2614 322 2656 ΙΙ
339 2615 381 2647 33
407 2612 605 2646 felicitatem
630 2610 884 2653 Scaliger-anus

1185 2665 1233 2700 6*
