1728 2886
7 255 16 287 i

53 549 246 585 ,Incuboni
282 551 421 594 pilleum
455 560 573 593 rapere
606 553 649 586 38

44 605 60 643 ⁷,
129 595 268 639 pilleata
283 597 325 630 65
343 597 384 629 66
408 605 488 639 aper
506 596 665 639 pilleatus
678 599 722 632 40
733 608 760 632 s.

48 646 66 679 —j
86 640 156 674 sive
180 640 301 684 planus
325 641 399 674 sive
423 644 608 676 nocturnus
631 652 761 685 grassa-

9 1566 15 1587 «ε
7 1440 27 1556 :nv-wa*
7 1175 21 1323 mq-vp-o·
5 832 23 1058 -ρη-ορηψδηψ
7 816 12 825 ι
6 722 23 810 ''T-⁹
7 594 21 716 ,m-...fvv
6 392 25 586 ..ψ-..ἕψῃ
8 378 16 386 ,
8 353 12 370 -
6 328 12 341 ἡ
6 318 13 322 -,
6 296 14 312 f„

19 1550 23 1566 <—
17 1479 37 1541 ιι-ἐι
24 1463 26 1466 ,
8 1401 28 1442 »τι
8 1321 30 1391 ἕπὶῑ,
19 1293 36 1318 ,ἦ
19 1231 38 1257 sa‘
19 1211 28 1218 π,
7 1087 29 1179 ...W-'¹¹⁴
22 1110 23 1114 „
18 1063 35 1098 33,-
19 1023 31 1052 ψ,
16 1007 26 1014 Δ
19 963 34 997 .·-
18 927 25 931 ι
24 876 26 880 ,
23 831 26 834 ,
23 758 25 761 .
28 705 30 708 ,
19 686 28 691 2
26 612 27 615 „

38 1537 41 1540 *
35 1517 39 1520 '
34 1438 47 1463 “v
35 1290 49 1301 ‚⁴
37 1257 39 1260 ’
38 1199 39 1210 22
38 1164 47 1177 -,
43 1091 45 1094 .
38 1042 40 1046 <
44 987 45 990 Α
40 958 45 970 ,-
42 944 43 948 Α
43 695 50 707 ,
50 534 52 539 ⁴

69 231 286 280 phaecasiae
310 235 351 268 67
400 235 607 278 phaecasiati
632 237 674 271 82

58 299 74 314 ‹—
87 279 274 326 phantasia,
299 290 366 313 non
391 280 492 314 homo
517 282 562 315 38

54 335 66 355 s
86 325 276 379 pharmace‚
288 325 456 368 responde
472 327 535 359 107
554 338 574 359 a
599 329 767 374 φαρμακε·

50 386 69 422 3·
85 369 160 414 pica
183 370 372 414 pulvinaris
396 372 438 404 37

50 428 51 431 ’
87 425 184 449 nemo
210 415 326 448 lovem
352 416 409 459 pili
433 415 513 448 facit
537 417 585 449 44·

45 470 56 498 [υ
87 459 256 504 quomodo
286 461 438 503 singulos
469 459 599 504 pilabat
627 463 762 502 [tracta-

129 505 199 546 bat]
225 507 270 539 44
316 515 446 550 parram
470 505 589 548 pilavit
611 508 655 540 43

695 562 759 585 ova

131 688 183 719 tor
207 686 249 719 82
298 685 387 728 plani
415 688 479 721 140

42 727 66 743 ”·’
85 730 245 775 platanon
273 732 336 764 126
363 732 425 765 131

46 783 47 786 ’
85 776 245 809 urceatim
269 775 430 819 plovebat
446 778 491 810 44

36 827 48 847 ‘t
85 820 169 854 abiit
193 821 234 854 ad
259 821 372 864 plures
397 823 440 855 42
466 822 514 854 ad
535 821 670 861 inferos

59 896 61 898 .
82 865 241 900 mulieres
258 866 428 909 plussciae
446 868 488 901 63

51 924 54 930 “
83 920 207 955 pompa
222 911 263 945 60
281 910 457 950 ferculum
473 922 576 945 sacro
599 914 674 945 ritu
695 924 759 956 pa—

127 959 247 988 ratum

50 1031 51 1034 ,
85 1000 208 1034 bellum
227 1011 365 1045 pomum
379 1003 437 1045 qui
454 1002 601 1036 rideatur
617 1002 703 1036 alios
717 1005 758 1037 57

45 1062 51 1066 ·
83 1045 175 1080 dices
193 1046 247 1079 hic
263 1057 385 1090 porcos
399 1050 514 1081 coctos
531 1048 702 1082 ambulare
714 1050 758 1082 45

128 1091 274 1170 ruptilicgis
297 1093 425 1125 varium
451 1103 590 1136 porcum
607 1093 760 1137 perdide-

128 1146 163 1170 ra

42 1191 49 1206 ⁴-
84 1181 221 1225 porcino
253 1182 394 1215 extorsit
424 1184 467 1217 48
500 1182 560 1224 (cf.
590 1193 760 1227 magnum

127 1227 320 1260 burcellum
348 1230 387 1260 in
412 1228 502 1261 libro
529 1229 571 1261 de
592 1231 760 1262 monstris

122 1282 163 1314 p.
185 1272 218 1313 9,
241 1272 265 1307 3
290 1273 448 1316 Ηαηριίί)

83 1326 161 1360 prae
183 1297 300 1351 literas
323 1319 366 1352 46
412 1329 491 1362 prae
516 1319 602 1353 mala
629 1322 671 1355 39

47 1361 217 1406 lapillos
243 1366 478 1405 praecantatos
494 1366 556 1399 131
582 1376 648 1399 non
664 1375 756 1410 prae-

127 1409 271 1442 cantatis
296 1409 422 1442 osculis
448 1411 510 1443 131

51 1450 183 1493 homo
208 1452 399 1496 praefiscini
425 1454 511 1498 frugi
536 1457 578 1490 73

51 1497 203 1531 babuit
227 1499 353 1540 praxim
379 1500 421 1533 39

44 1546 57 1575 ’ἲ
82 1543 187 1576 simus
211 1553 230 1576 a
255 1544 411 1587 primitiis
436 1544 559 1578 hilares
584 1546 626 1578 59

8 1589 19 1615 ’ὲ
82 1588 338 1632 promulsidaria
365 1591 403 1623 31

25 2198 55 2233 Q

18 2231 57 2295 ’ἕ
82 2263 163 2308 quid
177 2265 295 2308 utique
308 2266 351 2299 45
366 2275 428 2299 nec
435 2264 516 2310 quld
528 2275 590 2299 nec
603 2276 706 2309 quare
715 2268 758 2302 38

40 2319 42 2321 ·
83 2312 211 2342 tantum
236 2310 327 2353 quod
346 2312 387 2344 76
411 2310 479 2344 dixi
505 2311 595 2354 quod
620 2313 758 2346 mustel-

9 1638 15 1668 ξ
80 1633 281 1677 propudium
299 1636 342 1667 99
368 1636 430 1667 via:
454 1645 595 1677 sanum,
618 1637 760 1677 signum

8 1679 14 1690 2

125 1681 247 1711 notari
277 1680 417 1712 videtur
446 1682 615 1713 excitur-ae
646 1684 758 1723 portu

124 1725 227 1756 navis

81 1767 115 1802 in
139 1771 323 1813 prospectu
347 1770 390 1803 66

12 1830 21 1846 «,
83 1813 244 1857 pullarius
267 1815 310 1848 43
335 1811 578 1859 παιδεραστής

82 1859 182 1893 mulsi
206 1859 388 1902 pultarium
413 1861 456 1894 42

16 1900 53 1951 3¹..-
81 1913 189 1948 aeque
202 1909 255 1938 est
267 1915 307 1938 ac
319 1905 346 1938 si
361 1905 394 1938 in
406 1909 542 1948 puteum
558 1906 705 1939 conicias
714 1907 756 1940 42

23 1962 54 2014 ᾗ
82 1992 267 2037 quadrigae
291 2003 386 2028 meae
403 1994 666 2029 decucurrerunt
691 1998 734 2030 64

23 2027 52 2098 {3}
81 2037 201 2072 mulier
218 2049 304 2082 quae
322 2041 442 2074 mulier
457 2041 632 2075 milvinum
650 2051 757 2084 genus

126 2084 169 2117 42
188 2085 244 2125 (ut
255 2084 373 2118 Varro
399 2086 518 2119 mulier
534 2096 621 2152 quae
634 2087 759 2120 mulier

127 2127 255 2171 Venus)

31 2131 319 2254 ιὴιιῖῐῗῑῖιέεῐη
346 2175 612 2219 quattuordecim
641 2178 759 2211 transi-

125 2353 159 2388 la
182 2354 328 2388 comedit
349 2357 393 2390 46
433 2357 500 2390 scis
516 2356 607 2400 quod
625 2359 663 2391 71
708 2358 757 2390 vi-

126 2398 186 2433 des
203 2399 292 2443 quod
311 2401 372 2435 131
399 2400 588 2435 subolfacio
608 2400 699 2445 quod
712 2405 755 2438 45

81 2491 172 2523 recte
194 2491 365 2523 minantis
390 2492 431 2526 58
458 2493 502 2526 74

82 2533 241 2569 recutitus
265 2536 307 2569 68

80 2577 180 2613 redde
205 2580 295 2623 quod
319 2580 423 2615 debes
442 2583 483 2616 57
520 2582 586 2616 iam
612 2582 671 2615 tibi
697 2582 754 2617 de-

124 2626 386 2668 praesentiarum
412 2626 631 2661 reddidissem
656 2629 699 2662 58

689 123 904 159 SERMONIS

1424 126 1504 165 133

832 247 891 272 sua
905 247 941 271 re
960 237 1070 272 facere
1085 240 1127 272 47
1142 239 1184 273 66
1201 239 1347 273 reddere
1360 243 1506 275 obscena

876 281 923 322 cll
938 282 1050 317 iacere
1074 286 1109 316 et
1130 294 1204 318 mea
1228 294 1264 318 re
1281 285 1346 319 fert
1393 290 1429 320 tu
1445 287 1506 322 do-

875 328 1000 361 minam
1019 333 1109 362 tuam
1126 328 1168 363 de
1192 330 1293 364 rebus
1309 331 1377 365 illis
1393 331 1505 366 fecisti

876 375 916 406 77
964 383 1018 406 res
1042 375 1117 407 tuas
1141 374 1235 408 ocius
1259 376 1343 410 tolle
1368 379 1410 411 79

828 421 908 461 post
932 419 965 451 te
989 428 1057 451 non
1081 419 1223 463 respicis
1247 422 1289 454 57

827 466 1038 496 retroversus
1074 464 1194 498 crescit
1230 469 1389 510 tanquam
1421 468 1504 502 coda

872 508 971 540 vituli
997 509 1041 541 44

829 552 887 596 qui
911 552 975 586 fuit
1000 562 1091 594 rana,
1115 562 1204 587 nunc
1228 558 1281 588 est
1304 566 1363 590 rex
1381 560 1421 591 77
1447 568 1505 591 ce-

872 607 952 631 nare
977 597 1147 641 quomodo
1170 609 1229 632 rex
1254 602 1295 635 38

826 652 880 676 me
905 653 971 676 non
998 642 1102 676 facias
1126 644 1312 687 tingentem
1338 648 1379 680 75

827 688 861 720 in
885 692 980 721 rutae
1005 688 1124 722 solium
1148 691 1301 724 conicere
1327 689 1369 726 58
1394 693 1434 726 37

827 781 988 811 sonantes
1012 788 1089 812 aere
1113 780 1258 814 sacellos
1283 783 1348 816 140

827 823 1036 857 salamandra
1061 825 1239 868 supercilia
1264 828 1393 861 exussit
1419 830 1482 863 107

830 868 990 912 quicquid
1015 868 1058 902 ad
1082 870 1224 904 salivam
1251 871 1332 906 facit
1355 874 1399 907 48

827 917 906 946 sunt
936 916 1048 948 vestra
1081 915 1175 948 salva
1207 918 1249 951 58
1305 918 1436 952 salvum
1460 920 1505 953 sit

872 957 962 1001 quod
988 962 1090 1002 tango
1116 961 1158 994 63

826 1003 981 1045 saplutus
1007 1005 1048 1038 37
1075 1003 1268 1046 ζάπλουτος

826 1049 1060 1083 saviunculum
1086 1051 1128 1083 66

828 1093 1073 1128 scabitudinem
1099 1096 1199 1129 animi
1224 1099 1267 1131 99

827 1139 951 1181 largior
977 1149 1098 1174 scaena
1127 1142 1188 1175 117

826 1184 996 1227 sciniphes
1021 1187 1063 1220 98
1096 1188 1276 1231 σκνῖφες(
1265 1187 1326 1229 (cf.
1353 1189 1506 1233 Sulpicii

871 1230 991 1263 chron.
1008 1231 1028 1263 I
1042 1231 1096 1271 14,
1113 1232 1135 1264 4
1158 1235 1193 1264 et
1204 1234 1446 1278 Phrynickum
1465 1246 1504 1279 p.

870 1274 948 1308 399
960 1286 986 1308 s.
1012 1275 1191 1329 Lobeclrii)

827 1319 956 1353 reddita
974 1321 1128 1354 scordalo
1144 1323 1217 1356 vice
1236 1325 1278 1358 95
1304 1326 1396 1368 agite
1413 1336 1504 1361 scor-

872 1364 979 1398 dalias
1004 1366 1045 1399 de
1069 1367 1181 1401 medio
1206 1370 1248 1403 59

826 1413 936 1443 scruta
963 1411 1048 1444 scita
1073 1413 1231 1456 expedire
1256 1415 1299 1448 62

826 1465 888 1499 per
911 1460 1042 1489 scutum
1069 1467 1128 1500 per
1144 1468 1277 1493 ocream
1301 1461 1436 1504 aginavi
1461 1464 1500 1496 61

872 1502 1031 1534 omnibus
1054 1504 1229 1537 machinis
1252 1508 1421 1549 temptavi·

826 1545 946 1578 mulier
970 1547 1156 1581 secutuleia
1182 1550 1225 1583 84

825 1591 1070 1625 semicinctium
1097 1595 1140 1628 94

826 1635 986 1679 serisapia
1011 1639 1053 1671 56

827 1690 923 1714 serva
948 1691 1012 1723 me,
1038 1683 1181 1716 servabo
1205 1688 1240 1718 te
1263 1687 1309 1720 44

826 1726 962 1760 servitia
988 1727 1022 1760 in
1048 1727 1215 1763 frontibus
1244 1731 1380 1766 cernitis
1406 1734 1468 1766 107
1497 1756 1499 1758 -

869 1773 1037 1814 stigmata

825 1817 1007 1851 sessorium
1033 1820 1233 1853 cubiculum
1257 1823 1299 1855 77

825 1861 914 1895 sicca
938 1863 1050 1896 sobria
1075 1865 1115 1898 37

827 1907 994 1941 sociorum
1019 1908 1086 1942 olla
1112 1910 1199 1943 male
1224 1911 1334 1945 fervet
1357 1913 1400 1946 38

826 1952 970 1995 putabat
1001 1963 1037 1987 se
1063 1954 1184 1988 solium
1208 1955 1297 1990 Iovis
1322 1953 1435 1992 tene⁸re
1460 1960 1500 1992 51

872 1997 994 2031 solium
1020 2001 1059 2031 in
1083 2000 1216 2033 balneis
1241 2003 1284 2035 73
1309 2004 1351 2036 92

826 2041 976 2076 libidinis
1003 2054 1083 2078 suae
1108 2045 1218 2079 solum
1242 2047 1343 2081 vertit
1369 2049 1408 2082 81

827 2088 1032 2122 somniorum
1057 2090 1353 2133 interpretamenta
1381 2095 1420 2127 10

827 2133 987 2176 sopiones
996 2135 1038 2168 22
1046 2133 1198 2174 fortasse
1208 2139 1376 2171 carbones
1385 2141 1505 2172 eoeusli

826 2179 1090 2222 spatalocinaedi
1113 2182 1155 2215 23

826 2223 965 2267 spintria
995 2227 1057 2260 113

826 2269 860 2301 in
884 2269 993 2303 sinum
1019 2280 1117 2304 suum
1141 2282 1208 2314 non
1233 2272 1324 2316 spuit
1349 2275 1391 2307 74

825 2314 1023 2348 staminatas
1048 2316 1127 2349 duxi
1152 2319 1194 2352 41
1238 2319 1404 2360 pociones
1426 2321 1506 2352 vini

870 2369 1020 2402 magnas
1032 2363 1104 2394 sive
1117 2373 1138 2395 a
1148 2362 1299 2406 στάμνῳ
1312 2365 1384 2397 sive
1396 2374 1419 2397 a
1430 2367 1503 2398 sta-

869 2406 963 2437 mine
985 2416 1112 2439 nomen
1137 2410 1332 2442 irascat-unt

824 2450 1017 2483 statuncula
1044 2454 1085 2486 50

823 2495 930 2528 stelae
955 2497 998 2529 62
1023 2494 1151 2543 στῆλαι

823 2539 918 2573 vafer
942 2543 976 2573 et
1000 2551 1142 2585 magnus
1165 2543 1267 2577 stelio
1291 2546 1334 2579 50

822 2585 1007 2619 sterilicula
1033 2587 1075 2622 35

822 2630 959 2664 sterteia
985 2633 1027 2665 75
