1780 2892
238 136 289 175 12
852 133 1053 168 PETRONII

235 252 284 292 sit
313 263 358 291 ac
388 250 613 302 diligentius
644 249 894 289 considerare
924 249 1083 301 pallium
1114 249 1255 300 coepit.
1295 249 1462 289 invicem
1482 250 1659 302 Ascyltos
1677 257 1707 291 L

235 307 369 348 iniecit
390 306 762 359 contemplationem
783 317 903 357 super
924 317 1082 345 umeros
1102 305 1240 345 rustici
1262 306 1447 357 emptoris
1467 319 1512 346 ac
1527 306 1656 348 subito

235 364 474 404 exanimatus
504 363 705 403 conticuit.
747 375 791 402 ac
822 374 871 401 ne
901 362 984 413 ipse
1016 361 1173 413 quidem
1194 362 1280 402 sine
1305 362 1434 414 aliquo
1455 368 1566 403 motu
1586 364 1656 404 ho-

235 421 379 460 minem
411 420 617 472 conspexi,
649 431 739 458 nam
767 418 971 458 videbatur
1000 418 1063 458 ille
1084 418 1178 458 mihi
1199 431 1303 467 esse,
1335 419 1402 470 qui
1422 420 1595 460 tunicam
1616 420 1656 460 in

235 477 445 518 solitudine
461 476 676 516 invenerat.
708 476 824 527 plane
847 475 878 515 is
894 475 977 527 ipse
996 480 1089 514 erat.
1120 475 1186 515 sed
1204 487 1293 515 cum
1310 475 1486 528 Ascyltos
1506 476 1660 518 timeret
1687 485 1707 518 5

235 534 350 573 fidem
373 533 597 580 oculorum,
621 545 670 572 ne
693 533 784 584 quid
805 538 950 571 temere
972 532 1137 579 faceret,
1169 532 1279 584 prius
1299 538 1484 583 tanquam
1505 537 1658 585 emptor

235 590 398 643 propius
419 590 582 630 accessit
602 590 844 640 detraxitque
866 589 1010 628 umeris
1030 588 1210 628 laciniam
1231 595 1269 628 et
1289 588 1513 640 diligentius
1533 595 1658 642 temp-

172 650 223 691 13
237 647 342 686 tavit.
383 660 405 686 o
427 647 555 686 lusum
576 647 755 685 fortunae
785 645 1013 685 mirabilem.
1056 657 1144 684 nam
1166 646 1292 685 adhuc
1313 650 1470 686 suturae
1501 646 1656 698 quidem

238 716 319 744 non
357 704 538 743 attulerat
573 703 742 742 rusticus
772 703 945 742 curiosas
975 714 1135 750 manus,
1174 702 1242 742 sed
1272 708 1458 754 tanquam
1488 703 1656 743 mendici

237 760 405 812 spolium
436 760 551 799 etiam
577 759 774 799 fastidiose
803 758 1037 799 venditabat.
1079 759 1256 811 Ascyltos
1277 763 1483 811 postquam
1505 759 1660 812 deposi-
1688 765 1727 800 10

236 822 319 856 tum
351 829 435 856 esse
466 816 691 855 inviolatum
722 815 815 855 vidit
846 822 884 855 et
914 827 1123 867 personam
1154 815 1359 856 vendentis
1380 821 1656 868 contemptam,

237 873 390 913 seduxit
409 885 471 912 me
493 872 693 924 paululum
715 885 736 911 a
756 871 870 912 turba
892 879 931 911 et
951 875 960 892 ‘
974 872 1068 912 scis'
1089 872 1218 923 inquit
1239 873 1398 921 ‘frater,
1429 872 1590 913 rediisse
1609 873 1659 912 ad

238 942 311 969 nos
331 930 556 969 thesaurum
578 929 625 968 de
647 941 726 980 quo
748 927 970 980 querebar?
1001 929 1063 968 illa
1085 935 1144 968 est
1162 928 1336 968 tunicula
1358 929 1496 978 adhuc,
1526 934 1570 969 ut
1589 941 1658 982 ap-

237 992 366 1038 paret,
397 985 554 1025 intactis
584 985 710 1025 aureis
741 986 869 1037 plena.
911 985 1004 1036 quid
1036 997 1128 1036 ergo
1160 986 1344 1034 facimus,
1376 991 1443 1025 aut
1473 998 1551 1038 quo
1571 986 1658 1026 iure

237 1054 322 1082 rem
344 1048 517 1082 nostram
538 1042 777 1082 vindicamus
787 1040 819 1081 ‘2’
1689 1047 1728 1082 15

351 1099 583 1138 exhilaratus
621 1110 694 1150 ego
726 1110 807 1138 non
836 1104 988 1138 tantum
1022 1098 1110 1149 quia
1140 1098 1323 1150 praedam
1354 1098 1550 1148 videbam,
1591 1099 1659 1139 sed

238 1155 353 1194 etiam
374 1155 479 1207 quod
499 1155 659 1194 fortuna
680 1167 740 1194 me
762 1167 783 1194 a
804 1155 1027 1206 turpissima
1049 1155 1274 1207 suspicione
1291 1155 1500 1204 dimiserat,
1522 1156 1659 1208 negavi

240 1211 408 1252 circuitu
428 1212 634 1263 agendum,
656 1212 722 1251 sed
744 1212 859 1263 plane
875 1211 960 1251 iure
982 1211 1082 1251 civili
1098 1212 1376 1260 dimicandum,
1397 1218 1441 1252 ut
1461 1212 1493 1252 si
1509 1213 1660 1252 nollent

240 1268 406 1308 alienam
427 1280 510 1308 rem
533 1268 692 1307 domino
714 1268 890 1316 reddere,
913 1268 958 1307 ad
980 1268 1230 1308 interdictum
1252 1271 1443 1309 venirent.

175 1328 227 1368 14
355 1331 492 1364 contra
514 1324 689 1377 Ascyltos
709 1324 814 1376 leges
834 1323 996 1364 timebat
1017 1331 1055 1364 et
1077 1325 1204 1376 ‘quis'
1224 1324 1351 1364 aiebat
1371 1326 1459 1365 ‘hoc
1478 1326 1566 1365 loco
1588 1338 1662 1366 nos
1690 1331 1730 1364 20

241 1381 358 1429 novit,
374 1387 440 1420 aut
454 1381 541 1433 quis
557 1381 714 1421 habebit
730 1381 950 1421 dicentibus
966 1380 1111 1420 fidem?
1132 1381 1226 1421 mihi
1243 1381 1359 1433 plane
1374 1382 1501 1434 placet
1517 1394 1659 1430 emere,

239 1437 414 1489 quamvis
437 1444 615 1477 nostrum
637 1438 697 1485 sit,
720 1437 825 1489 quod
846 1438 1107 1489 agnoscimus,
1129 1445 1167 1478 et
1186 1450 1305 1490 parvo
1323 1451 1410 1478 aere
1427 1451 1661 1491 recuperare

238 1494 369 1546 potius
390 1494 627 1542 thesaurum,
650 1506 765 1545 quam
786 1495 826 1533 in
849 1494 1068 1546 ambiguam
1090 1494 1197 1534 litem
1218 1495 1477 1535 descendere:

404 1549 409 1603 Ι
437 1550 528 1602 quid
550 1550 694 1590 faciant
714 1551 831 1602 leges,
856 1550 923 1590 ubi
945 1550 1027 1591 sola
1048 1551 1214 1602 pecunia
1234 1557 1392 1608 regnat,
1669 1548 1730 1582 1⁴0

464 1612 530 1646 aut
549 1606 616 1646 ubi
637 1613 846 1659 paupertas
866 1607 1022 1647 vincere
1044 1607 1149 1646 nulla
1174 1606 1334 1660 potest?
1689 1614 1727 1648 25

409 1663 483 1715 ipsi
504 1663 571 1715 qui
592 1663 734 1716 Cynica
754 1664 967 1704 traducunt
987 1670 1163 1715 tempora
1185 1677 1298 1716 pera,

466 1732 546 1759 non
569 1732 771 1771 nunquam
793 1721 963 1760 nummis
982 1722 1151 1760 vendere
1173 1733 1262 1760 vera
1282 1721 1422 1761 solent.

410 1787 503 1826 ergo
525 1776 709 1816 iudicium
733 1777 828 1816 nihil
850 1783 908 1817 est
930 1777 1003 1816 nisi
1024 1776 1180 1828 publica
1202 1789 1372 1826 merces,

465 1838 581 1883 atque
602 1844 721 1883 eques
742 1832 782 1872 in
805 1845 920 1873 causa
941 1833 1008 1884 qui
1029 1834 1155 1881 sedet,
1179 1840 1307 1886 empta
1327 1832 1493 1886 probat.’

348 1885 355 1942 Ι
381 1888 447 1928 sed
479 1894 634 1940 praeter
663 1901 786 1928 unum
817 1889 1069 1941 dipondium,
1101 1903 1179 1941 quo
1212 1891 1316 1930 cicer
1335 1891 1572 1942 lupinosque
1593 1890 1660 1930 de-
1689 1897 1775 1935 301,

240 1944 520 1984 stinaveramus
549 1945 734 1993 mercari,
767 1946 863 1985 nihil
892 1946 939 1984 ad
969 1958 1128 1985 manum
1150 1952 1242 1986 erat.
1283 1947 1413 1999 itaque
1434 1959 1484 1987 ne
1505 1947 1661 1987 interim

241 2001 383 2053 praeda
415 2001 651 2050 discederet,
681 2003 741 2041 vel
770 2002 934 2042 minoris
965 2002 1125 2054 pallium
1148 2003 1328 2043 addicere
1349 2004 1495 2055 placuit
1514 2009 1552 2043 et
1571 2015 1663 2056 pre-

239 2058 336 2097 tium
366 2058 524 2097 maioris
546 2059 767 2110 compendii
788 2059 971 2098 leviorem
993 2059 1119 2098 facere
1141 2059 1341 2099 iacturam.
1381 2072 1471 2099 cum
1491 2060 1663 2112 primum

241 2126 333 2165 ergo
365 2114 621 2166 explicuimus
643 2127 811 2154 mercem
825 2146 835 2162 ,
866 2115 1007 2155 mulier
1028 2122 1166 2167 operto
1188 2117 1334 2168 capite,
1366 2129 1466 2168 quae
1487 2129 1575 2157 cum
1597 2129 1664 2157 ru-

240 2171 337 2210 stico
360 2176 538 2218 steterat,
570 2171 757 2223 inspectis
787 2171 1012 2223 diligentius
1042 2172 1164 2223 signis
1193 2172 1327 2212 iniecit
1347 2179 1552 2224 utramque
1573 2173 1663 2213 laci·
1692 2179 1730 2213 35

240 2226 327 2266 niae
349 2239 508 2266 manum
529 2239 746 2279 magnaque
770 2228 1047 2268 vociferatione
1069 2228 1265 2269 ‘latrones’
1288 2225 1452 2285 [tenere]
1475 2229 1662 2270 clamavit.

241 2288 378 2322 contra
410 2296 483 2323 nos
513 2283 743 2335 perturbati,
776 2297 825 2324 ne
846 2285 1067 2324 videremur
1088 2285 1184 2324 nihil
1204 2298 1331 2338 agere,
1354 2291 1391 2325 et
1411 2285 1484 2338 ipsi
1504 2286 1662 2326 scissam

353 2373 373 2404 2
398 2373 483 2404 liaeo
506 2371 598 2405 male
621 2375 815 2406 contracta.
861 2374 1020 2406 Petronii
1052 2374 1180 2416 opinor
1208 2373 1319 2413 fuisse
1348 2374 1483 2408 tunicae
1514 2376 1664 2408 contem-

240 2416 390 2459 platione
422 2417 566 2450 iniectae
599 2426 700 2460 super
725 2427 857 2451 umeros
883 2418 998 2451 rustici
1018 2419 1064 2459 117
1091 2419 1200 2452 tenuit
1215 2419 1227 2461 ΙΙ
1247 2421 1266 2452 8
1292 2419 1402 2452 adhuc
1435 2429 1497 2453 nec
1531 2419 1663 2453 suturae

240 2463 317 2502 (aut
340 2462 496 2504 furtivae)
520 2461 655 2505 quidem
686 2462 844 2496 attulerat
860 2465 871 2505 ΙΙ
893 2465 932 2498 18
958 2463 1065 2497 nollet
1082 2464 1094 2507 ΙΙ
1114 2466 1155 2498 19
1180 2465 1310 2497 veniret
1325 2464 1337 2507 ΙΙ
1357 2466 1401 2498 24
1425 2465 1490 2498 hoc
1522 2475 1664 2498 carmen

240 2507 325 2539 libri
351 2507 459 2549 paulo
491 2510 653 2550 superius
685 2508 906 2541 collocarunt
929 2513 1013 2552 post
1043 2509 1174 2542 veniret
1208 2511 1248 2543 19
1268 2509 1279 2550 ΙΙ
1297 2510 1339 2543 26
1364 2510 1527 2553 ceran27
1559 2509 1662 2543 verba

240 2551 352 2584 solent
377 2562 487 2585 emere
515 2553 541 2584 O
558 2552 569 2596 ΙΙ
589 2554 630 2586 30
657 2552 855 2596 dipondium
881 2554 962 2587 sicel
988 2554 1192 2598 lupinosque
1217 2554 1340 2598 quibus
1365 2554 1663 2589 destinaveramus.

239 2599 405 2630 narratio
431 2600 615 2640 amputata
631 2597 643 2640 ΙΙ
662 2599 703 2633 31
730 2599 844 2642 itaque
864 2599 947 2632 libri
965 2603 1048 2642 post
1072 2599 1260 2633 discederet
1285 2599 1508 2633 collocarunt
1522 2599 1535 2644 11
1555 2601 1597 2634 32
1615 2602 1660 2641 et]

241 2645 277 2675 ut
294 2642 305 2685 ΙΙ
324 2643 366 2676 33
391 2642 517 2676 faceret
542 2653 609 2685 quo
633 2647 772 2678 servato
800 2644 999 2678 Gronovius
1023 2644 1132 2678 levior
1156 2647 1190 2677 et
1214 2645 1340 2678 iactura
1357 2645 1370 2689 ΙΙ
1388 2646 1432 2680 34
1455 2647 1573 2689 aperto
