1728 2886
0 0 35 247 ἶ
679 112 928 149 ΜΕΝΙΡΡΕΑΕ
1434 108 1515 149 223

0 271 13 279 Ι,
91 227 292 268 medium?
314 234 353 268 et
369 229 523 268 efficere
541 228 698 280 nigrum
713 228 816 276 viris,
836 228 967 268 album
987 227 1155 274 urinam,
1172 227 1342 266 medium
1361 228 1517 280 πέψιν,

0 282 28 379 ζ
91 285 514 370 ῃρνυηιφΐεΐΐίἕετὸτθ,
542 291 653 325 vetus
675 285 905 332 calefacere,
926 283 1097 324 medium
1119 296 1203 324 esse
1224 283 1432 335 prandium
1454 295 1518 323 ca-

0 376 2 378 ,
93 353 231 381 ninum
249 372 256 380 .

0 422 11 480 ὲ
578 427 779 463 SATVRAE
802 427 1017 462 messus

692 497 707 536 Ι
729 499 922 548 (As-mmo)

1173 560 1211 593 et
1231 553 1380 592 ratione
1545 558 1602 592 576

359 616 426 649 aut
445 610 606 661 frigidos
627 610 783 650 nimbos
803 610 880 649 cito
901 622 946 649 ac
966 610 1163 650 caduciter
1183 610 1334 650 ruentis

360 667 648 719 pertimuerunt
669 666 846 718 aquatilis
868 667 1158 718 querquedulae
1181 672 1360 706 natantes

751 745 784 785 11
803 746 862 795 (5)

796 801 977 841 trisulcae
999 801 1103 841 sores
1546 809 1603 842 577

360 858 526 910 pessulis
545 857 727 897 liberatae
748 858 957 898 dehiscunt
977 869 1114 909 graves

362 920 478 966 atque
501 914 615 954 nixae
636 914 674 953 in
698 914 832 966 pigros
853 914 1055 954 cardinum
1078 913 1257 953 turbines

0 1076 3 1092 ,
360 1052 504 1101 ponam
527 1049 712 1089 bisulcam
736 993 1066 1088 etlgebrinodam
1082 1048 1315 1088 arundinem
1548 1056 1604 1090 578

0 1105 3 1124 '
659 1125 760 1166 1111*
783 1129 852 1177 (13
878 1129 945 1176 12)

0 1181 2 1198 ³
359 1196 427 1224 vei·
447 1183 633 1224 blAnduin
653 1184 756 1235 viget
775 1183 889 1231 arvis,
910 1192 945 1224 et
965 1183 1072 1224 adest
1093 1183 1237 1236 hospes
1259 1184 1427 1223 hirundo
1547 1193 1604 1226 579

719 1259 781 1299 V*
799 1263 885 1313 (15)

359 1326 566 1372 ponuntur
585 1325 724 1359 tenues
745 1320 853 1371 porri
1549 1329 1607 1362 580

521 1396 602 1438 Vl*
623 1397 744 1452 (περὶ
765 1395 1017 1451 ἐδεσμάτων
1039 1398 1080 1447 4)

239 1465 364 1506 Varro
385 1469 421 1506 si
438 1467 529 1519 quid
558 1467 600 1505 de
619 1466 742 1505 bulbis
762 1466 849 1505 dvlci
866 1469 907 1505 in
927 1479 1087 1519 aquam,
1119 1467 1186 1517 qui
1204 1464 1357 1505 Veneris
1377 1469 1516 1506 ostium
1544 1475 1602 1509 581

89 1531 287 1575 quaerunt,
309 1523 440 1563 deinde
459 1525 502 1562 in
521 1522 700 1574 legitimis
719 1525 865 1574 nuptiis
887 1525 927 1562 in
948 1535 1039 1562 cena
1055 1528 1254 1575 ponantur
1266 1553 1275 1568 ‚
1296 1523 1360 1562 sed
1378 1529 1412 1562 et
1432 1535 1517 1563 cum

89 1579 229 1619 nucleis
245 1582 370 1632 pineis
390 1588 457 1620 auc
478 1592 563 1619 cum
583 1592 717 1619 erucae
736 1591 823 1619 suco
845 1586 879 1618 et
895 1582 1024 1632 pipere

716 1658 779 1697 Vll
802 1659 887 1709 (10)

232 1724 401 1766 Romani
419 1725 500 1765 stili
518 1725 700 1777 Diogenes
728 1724 846 1765 Varro
869 1734 1051 1766 trecentos
1072 1724 1189 1771 Ioves,
1220 1738 1285 1765 seu
1306 1723 1514 1778 Iuppiteres
1541 1735 1598 1769 582

91 1782 291 1822 dicendum
310 1790 374 1824 est.
395 1786 477 1822 sine
497 1782 681 1834 capitibus
696 1783 839 1822 inducit

203 1894 270 1928 576
293 1893 433 1927 Nonius
453 1905 489 1937 p.
516 1895 556 1928 91
585 1892 755 1926 caducitei·
787 1895 791 1934 1
825 1898 858 1926 et
894 1893 1024 1926 ratione
1057 1897 1263 1936 corruptum
1287 1891 1440 1932 fortasse
1470 1904 1515 1926 ex

89 1938 268 1981 Agathone
292 1942 359 1972 aut
373 1938 590 1982 Epitafionib.
623 1940 628 1980 Ι
664 1938 796 1971 nimbos
829 1948 914 1982 aqua
947 1938 1013 1971 icta
1039 1937 1209 1971 caduciter
1236 1940 1247 1980 ΙΙ
1280 1940 1343 1972 577
1371 1938 1516 1971 Servius

93 1984 198 2026 Ver-g.
214 1984 326 2018 Aemi
343 1986 410 2019 448
431 1984 436 2028 Ι
457 1989 559 2028 atque
584 1983 717 2016 innixae
743 1984 774 2016 in
801 1983 973 2016 cardinum
992 1983 1104 2016 tardos
1122 1983 1291 2017 turbines:
1317 1986 1388 2016 nisi
1413 1984 1510 2017 nixae

89 2040 107 2061 e
139 2029 356 2072 Vergiliani:
393 2033 511 2062 ortum
541 2032 591 2061 est
615 2029 893 2061 ascribendum
917 2032 1019 2072 atque
1058 2028 1244 2062 innituntur
1276 2029 1308 2062 in
1339 2028 1511 2063 cardinum

91 2074 242 2109 turdulos
260 2075 272 2117 Ι
288 2076 353 2109 578
367 2074 528 2108 Iulianus
548 2084 664 2117 gram.
682 2073 708 2105 V
724 2085 758 2116 p.
773 2075 840 2108 324
855 2073 892 2107 K.
914 2073 919 2117 Ι
941 2072 1212 2107 crebrinodosam
1230 2077 1242 2115 ΙΙ
1262 2075 1326 2108 579
1344 2075 1516 2116 Augusti-

89 2130 157 2152 nus
181 2120 223 2153 de
244 2119 436 2153 music-aiv
463 2122 503 2153 15
528 2121 604 2152 sine
627 2120 769 2152 nomine
784 2121 953 2152 auctoris.
1001 2119 1181 2152 Amobius
1206 2118 1247 2152 vl
1272 2120 1315 2154 23
1342 2119 1398 2152 ubi
1423 2119 1516 2153 deni-

90 2175 156 2208 que
181 2165 305 2208 Apollo
330 2165 464 2198 divinus
489 2166 608 2205 (immo
635 2164 780 2205 Delius),
814 2174 889 2198 cum
920 2175 938 2198 a
965 2164 1081 2207 piratis
1104 2164 1350 2208 maritimisque
1375 2164 1516 2208 praedo-

90 2210 190 2243 nibus
214 2213 249 2243 et
272 2209 440 2252 spoliatus
465 2210 511 2242 ita
537 2214 589 2243 est
613 2214 647 2242 et
671 2209 846 2250 incensus,
879 2213 916 2242 ut
949 2219 989 2243 ex
1020 2213 1072 2242 tot
1103 2209 1173 2242 auri
1199 2209 1405 2253 ponderibus
1429 2219 1516 2254 quae

91 2253 221 2289 infinita
247 2259 487 2298 congesserant
511 2254 657 2295 saecula,
683 2265 723 2287 ne
748 2264 850 2287 unum
876 2254 1012 2298 quidem
1031 2254 1185 2287 habuerit
1202 2255 1399 2297 scripulum,
1424 2255 1516 2298 quod

90 2301 173 2344 (quo
198 2300 323 2340 codex)
348 2300 583 2334 hirundinibus
609 2299 764 2342 hospitis,
792 2298 894 2332 Varro
920 2306 957 2333 ut
974 2300 1055 2332 dicit
1068 2299 1268 2342 Menippeus
1284 2300 1517 2343 (sethenipeus

91 2345 226 2387 codex),
250 2345 468 2379 ostenderet?
492 2346 672 2387 scripsisse
696 2346 782 2377 haec
806 2348 924 2377 omnia
950 2347 1063 2388 ipsum
1090 2345 1287 2378 Varronem
1314 2348 1387 2378 veri
1409 2346 1518 2378 simil·

92 2392 212 2423 limum
237 2394 288 2423 est
303 2390 316 2435 ΙΙ
333 2392 399 2425 580
420 2401 572 2433 gramm.
597 2390 638 2422 de
663 2389 779 2422 dubiis
802 2391 1005 2422 nominibus
1032 2389 1057 2421 V
1078 2400 1115 2432 p.
1134 2391 1199 2425 588
1219 2390 1256 2423 K.
1275 2400 1422 2433 porrum.
1462 2402 1517 2424 re-

92 2437 169 2479 cepi
193 2436 288 2479 quod
310 2437 510 2469 hexametri
532 2435 714 2468 vider-etur
734 2435 983 2478 principiumu
1003 2436 1064 2470 581
1085 2436 1235 2478 Apicius
1262 2434 1314 2468 Vll
1331 2437 1407 2470 311.
1440 2447 1516 2469 sen—

92 2482 204 2514 tentia
228 2481 370 2514 videtur
388 2482 435 2514 ad
449 2483 543 2514 hunc
558 2480 699 2513 modum
717 2481 936 2512 restituenda
954 2480 1080 2524 liquida
1098 2481 1139 2514 de
1161 2480 1271 2514 bulbis
1289 2480 1517 2525 dixit-iniqua,

93 2526 150 2569 qui
175 2525 315 2560 Veneris
340 2527 446 2560 otium
471 2531 655 2570 quaerunt,
693 2526 831 2568 proinde
862 2528 899 2558 ut
923 2525 1096 2568 legitimis.
1142 2527 1259 2569 recepi
1282 2528 1398 2559 autem
1422 2527 1518 2570 quod

90 2574 214 2604 satiat-a
238 2582 281 2604 ae
301 2574 443 2605 senario
468 2573 579 2614 digna
601 2570 704 2610 fuere
728 2572 813 2603 haec
836 2570 892 2614 qui
921 2569 1060 2604 Veneris
1085 2574 1252 2614 quaerunt
1276 2571 1382 2605 otium
1410 2572 1423 2615 Ι]
1451 2573 1516 2606 582

97 2615 336 2649 Tertullianus
359 2617 407 2650 ad
429 2620 591 2650 nationes
614 2616 625 2649 l
653 2617 693 2650 10
718 2618 752 2648 et
775 2616 995 2658 apologetico
1022 2618 1065 2650 14
