1728 2886
653 125 839 160 SATIRAE
1397 127 1450 166 '75

24 239 247 296 flantibus.
304 239 417 280 multi
446 252 541 292 ergo
571 240 758 292 utrinque
787 241 873 280 sine
902 246 1029 280 morte
1069 240 1277 291 labuntur,
1316 242 1450 294 plures

24 297 174 348 quenti
194 296 421 336 vulneribus
441 297 620 336 referunt
649 297 766 336 veluti
788 309 834 336 ex
856 297 1006 349 proelio
1027 298 1166 349 pedem
1181 329 1190 345 ,
1222 311 1295 339 nec
1316 304 1447 339 tamen

24 353 250 405 (nimquam
272 353 327 392 ira
347 353 510 392 laxatur.
550 359 646 392 tunc
670 353 904 393 fortissimus
925 353 1041 393 Giton
1073 355 1118 393 ad
1140 355 1261 395 virilia
1290 367 1358 395 sua
1380 355 1448 395 ad-

21 410 139 458 ‚j'ovit
158 409 385 450 novaculam
407 409 600 457 infestam,
621 410 792 449 minatus
813 422 854 449 se
870 409 1114 450 abscisurum
1132 416 1190 450 tot
1204 412 1447 452 miseriarum

21 475 186 516 musam,
208 465 456 517 inhibuitque
472 466 703 518 Tryphaena
723 472 801 505 tam
824 466 972 517 grande
993 467 1146 507 facinus
1167 480 1249 507 non
1267 468 1450 508 dissimu-

20 522 95 570 ha
122 522 319 563 missione.
379 522 534 574 saepius
568 534 640 574 ego
670 522 842 562 cultrum
872 523 1091 562 tonsorium
1122 536 1242 575 super
1270 524 1447 576 iugulum

20 591 149 622 neum
171 579 297 631 posui,
322 591 400 618 non
424 579 545 631 magis
565 591 627 618 me
648 579 863 626 occisurus,
885 590 1001 630 quam
1024 578 1162 627 Giton,
1194 581 1298 632 quod
1320 582 1446 621 mina-

19 636 152 685 batur,
182 636 370 675 facturus.
411 635 594 675 audacius
614 642 742 675 tamen
767 635 830 675 1116
850 636 1089 687 tragoediam
1119 636 1324 688 implebat,
1356 638 1446 689 quia

17 692 164 735 sciehat
183 705 225 732 se
246 692 347 731 illam
368 692 513 732 habere
534 692 775 739 novaculam,
796 704 871 744 qua
893 692 967 731 iam
990 691 1064 732 sibi
1084 693 1274 732 cervicem
1295 694 1447 745 praeci-

17 748 138 791 derat.
164 747 171 802 Ι
197 754 324 788 613316
355 760 448 799 ergo
471 754 634 800 utraque
663 749 766 797 acie,
799 761 888 788 cum
919 754 1126 800 appareret
1155 750 1331 790 futurum
1363 763 1444 790 303

17 805 249 850 tralaticium
272 805 432 852 bellum,
453 816 569 856 aegre
584 805 819 857 expugnavit
839 805 1094 856 gubernator,
1116 812 1160 845 ut
1180 806 1446 847 caduceatoris

17 874 126 906 more
143 861 374 914 Tryphaena
396 861 565 900 indutias
586 862 743 901 faceret.
785 862 870 901 data
893 874 986 913 ergo
1008 868 1246 914 acceptaque
1267 876 1312 903 ex
1334 875 1445 903 more

19 918 142 971 patrio
163 919 238 957 fide
259 917 480 969 praetendit
499 930 648 956 ramum
671 919 778 958 oleae
801 931 820 957 3
842 919 962 957 131613
980 919 1119 970 navigii
1137 926 1304 971 raptum,
1327 925 1444 971 atque

18 975 58 1016 in
78 974 314 1026 colloquium
337 974 470 1013 venire
490 985 581 1013 ausa

214 1030 314 1082 ‘quis
336 1030 458 1069 furor'
480 1030 669 1069 exclamat
690 1036 841 1081 ‘pacem
863 1031 1055 1070 convertit
1075 1032 1114 1070 in
1137 1030 1273 1071 arma?

217 1086 307 1139 quid
330 1092 487 1126 nostrae
507 1098 688 1126 meruere
709 1085 877 1127 manus?
899 1100 979 1126 non
994 1088 1135 1128 Troius
1156 1088 1271 1128 heros

215 1143 286 1182 1136
308 1143 346 1182 13
370 1143 492 1182 613666
512 1143 614 1182 ν61111
636 1143 788 1194 decepti
809 1144 954 1195 pignus
974 1144 1143 1191 Atridae,

215 1212 289 1239 nec
309 1199 442 1239 Medea
462 1200 599 1238 furens
619 1201 794 1239 fraterno
815 1200 1007 1252 sanguine
1028 1208 1190 1252 pugnat.

214 1256 280 1296 sed
303 1263 553 1308 contemptus
573 1268 683 1295 amor
702 1256 804 1296 vires
823 1257 952 1296 habet.
995 1257 1030 1296 ei
1052 1258 1145 1296 mihi
1167 1258 1243 1296 sata

215 1312 286 1352 hos
306 1313 410 1352 inter
430 1312 572 1353 fluctus
593 1313 681 1364 quis
701 1313 821 1364 raptis
842 1320 977 1353 evocat
996 1313 1146 1354 armis?

213 1369 276 1408 cui
299 1382 377 1408 non
400 1376 459 1409 est
479 1381 585 1409 mors
605 1382 683 1409 una
705 1368 826 1410 satis?
848 1383 897 1409 ne
918 1371 1061 1410 vincite
1083 1376 1248 1422 pontum

213 1426 512 1477 gurgitibusque
533 1426 625 1465 feris
645 1426 740 1466 alios
760 1426 952 1478 imponite
973 1427 1141 1467 fluctus.’

124 1480 219 1522 haec
240 1487 283 1521 ut
302 1482 459 1522 turbato
475 1483 644 1522 clamore
662 1482 803 1523 mulier
818 1483 966 1531 effudit,
982 1484 1108 1524 haesit
1123 1483 1324 1536 paulisper
1340 1483 1442 1523 acies

14 1543 290 1590 revocataeque
311 1539 356 1578 ad
379 1551 515 1590 pacem
536 1551 676 1578 manus
697 1539 944 1579 intermisere
964 1539 1124 1580 bellum.
1166 1540 1290 1580 utitur
1304 1540 1440 1592 paeni-

39 1593 154 1634 ntiae
175 1594 381 1634 occasione
402 1595 480 1634 dux
496 1595 712 1646 Eumolpos
728 1602 767 1635 et
789 1596 976 1648 castigato
993 1603 1084 1636 ante
1100 1596 1440 1637 vehementissime

13 1648 130 1691 Licha
160 1650 311 1690 tabulas
341 1651 509 1692 foederis
538 1652 685 1704 signat,
717 1653 805 1704 quis
835 1653 930 1692 haec
960 1653 1127 1692 formula
1158 1659 1260 1692 erat:
1292 1659 1353 1693 ‘ex
1383 1654 1439 1694 tui

13 1730 15 1732 -
35 1731 37 1740 ι
55 1706 74 1716 ’“
89 1720 130 1746 ιιι
151 1708 364 1755 sententia,
389 1714 432 1747 ut
454 1715 506 1756 tu,
530 1708 763 1761 Tryphaena
778 1739 787 1756 ,
811 1721 941 1760 neque
962 1709 1145 1749 iniuriam
1166 1709 1235 1749 tibi
1258 1710 1396 1750 factam
1418 1723 1438 1750 a

27 1770 38 1795 ι*
87 1775 154 1803 ι36
190 1764 387 1815 quereris,
429 1777 558 1816 neque
598 1765 629 1804 si
669 1765 761 1816 quid
802 1772 893 1804 ante
923 1766 1031 1805 hunc
1060 1766 1161 1805 diem
1192 1767 1338 1806 factum
1368 1775 1439 1808 est.

101 1819 158 1860 166
176 1820 435 1860 vindicabisve
465 1828 531 1860 aut
562 1821 640 1860 ullo
661 1821 737 1860 alio
757 1834 902 1873 genere
923 1822 1241 1874 persequendum
1262 1822 1439 1872 curabis3

11 1899 13 1901 >
53 1880 116 1917 111
135 1876 232 1916 311111
252 1876 463 1928 imperabis
483 1889 607 1929 puero
629 1879 888 1930 repugnanti,
912 1891 991 1918 303
1014 1879 1249 1930 amplexum,
1272 1892 1353 1919 non
1377 1893 1439 1920 os-

24 1931 165 1981 hm,
186 1945 267 1973 non
298 1933 445 1973 coitum
465 1946 608 1974 venere
630 1935 908 1983 constrictum,
939 1935 1014 1975 nisi
1043 1948 1116 1987 pro
1147 1948 1223 1987 qua
1253 1948 1296 1974 re
1326 1949 1439 1988 prae·

13 2007 27 2024 -;
45 1993 146 2029 .166.
162 1990 428 2030 numeraveris
457 1991 640 2030 denarios
671 1997 843 2030 centum.
884 1991 998 2039 item,
1021 1992 1152 2040 Licha,
1175 2004 1221 2031 ex
1242 1992 1298 2031 tui
1320 1993 1439 2033 animi

15 2045 225 2094 muntia,
256 2053 299 2086 111
328 2053 369 2086 13
403 2046 622 2100 Encolpion
657 2059 730 2087 366
761 2047 879 2087 verbo
903 2048 1189 2088 contumelioso
1220 2049 1440 2100 insequeris

18 2110 90 2143 366
116 2101 243 2150 vultu,
275 2115 403 2154 neque
432 2116 598 2155 quaeres
627 2103 694 2144 ubi
717 2111 832 2143 nocte
853 2105 1040 2152 dormiat,
1071 2111 1138 2144 aut
1157 2105 1189 2145 si
1211 2106 1438 2156 quaesieris,

27 2175 31 2190 ι
72 2176 76 2191 ι
103 2157 266 2210 singulis
286 2159 441 2200 iniuriis
463 2160 689 2200 numerabis
709 2169 939 2212 praesentes
960 2162 1144 2201 denarios
1165 2162 1366 2202 ducenos’.
1398 2163 1438 2202 13

81 2240 84 2242 -
125 2215 239 2255 verba
269 2216 492 2256 foederibus
522 2217 749 2269 compositis
779 2229 885 2257 arma
915 2218 1152 2271 deponimus
1178 2219 1183 2267 Ι
1210 2224 1320 2258 6136
1342 2219 1438 2260 resi-

39 2291 41 2302 1
107 2270 147 2311 in
168 2271 306 2312 animis
326 2274 441 2312 etiam
467 2279 557 2325 post
585 2273 854 2314 iusiurandum
887 2274 942 2314 ira
973 2280 1209 2321 remaneret,
1231 2276 1438 2326 praeterita

187 2329 330 2369 osculis
370 2329 507 2381 placet.
567 2330 866 2370 exhortantibus
903 2331 1096 2371 universis
1126 2331 1212 2371 odia
1242 2331 1438 2373 detumes-

124 2439 147 2473 4
168 2437 323 2472 infertam
344 2439 349 2477 Ι
370 2439 598 2474 abscissurum
618 2440 666 2484 116
691 2441 907 2474 miseratione
934 2442 1087 2474 Haustus
1105 2441 1110 2486 Ι
1137 2443 1177 2476 10
1202 2451 1269 2475 non
1295 2442 1437 2476 st‘lata·

18 2480 99 2516 rium
122 2481 151 2516 L
228 2485 269 2518 13
294 2485 465 2528 protendit
497 2487 503 2527 Ι
537 2486 647 2519 olivae
679 2486 846 2519 nonnulli
870 2497 915 2518 ex
943 2487 970 2518 0
997 2487 1009 2528 ΙΙ
1042 2488 1085 2521 16
1116 2486 1229 2520 l'roius
1255 2486 1362 2522 hostis
1387 2487 1438 2521 L.-

8 2569 189 2617 bannique
215 2573 268 2617 οιι
288 2575 330 2609 26
354 2574 510 2615 fortasse
533 2576 628 2610 cuius
645 2576 658 2619 u
677 2577 718 2610 28
744 2576 896 2620 queraris
912 2577 926 2621 u
944 2578 987 2610 35
1012 2575 1177 2611 ducentos
1194 2578 1279 2611 uam·
1293 2581 1439 2621 praeter

16 2614 352 2653 Auentinam-omem

207 2529 321 2562 elutus
337 2529 350 2573 ΙΙ
370 2531 410 2565 19
435 2535 469 2564 61
493 2530 664 2574 1311111122
692 2531 864 2564 immittite
891 2531 1008 2575 [11123
1042 2531 1174 2565 turbata
1205 2531 1404 2566 Richardus
1431 2533 1457 2575 Ι1

1474 1485 1555 1526 109
