1728 2886
211 113 289 151 138
842 117 1038 174 canum

364 285 566 328 obscenas
587 285 714 337 rigido
736 287 810 327 deo
830 288 990 329 tabellas

365 342 500 383 dicans
521 355 568 382 ex
589 342 872 395 Elephantidos
892 344 1034 386 libellis

363 399 428 439 dat
448 399 595 439 donum
612 399 754 453 Lalage
775 408 978 454 rogatque,
999 408 1178 456 temptes,
1197 404 1223 425 ²²

365 456 396 496 si
419 456 544 508 pietas
565 469 664 510 opus
687 458 770 515 edat
791 459 839 498 ad
859 459 1016 511 figuras.

362 603 488 650 Quam
509 616 632 656 puero
654 604 780 657 legem
802 606 928 646 fertur'
944 606 1086 647 dixisse
1101 606 1277 659 Priapus,

412 660 589 701 versibus
610 661 675 700 hic
695 662 798 702 infra
818 662 963 715 scripta
984 662 1139 703 duobus
1160 665 1252 704 erit:

361 718 479 768 ‘quod
501 729 611 758 meus
632 718 771 759 hortus
791 718 921 767 habet,
943 732 1073 760 sumas
1094 720 1256 773 impune
1275 721 1420 772 licebit,

413 774 444 814 si
465 774 617 815 dederis
634 775 762 824 nohis,
785 777 889 828 quod
909 782 1002 816 tuus
1021 777 1159 818 hortus
1180 778 1320 818 habet’.

902 878 951 918 Vl

362 943 476 990 Quod
498 957 584 984 sum
605 944 772 997 ligneus,
794 952 838 986 ut
856 946 975 995 vides,
996 947 1160 1000 Priapus

362 1006 400 1040 et
421 1001 497 1040 falx
519 1002 646 1054 lignea
668 1002 902 1055 ligneusque
923 1004 1050 1055 penis,

361 1058 550 1109 prendam
574 1065 612 1099 te
633 1065 764 1099 tamen
789 1065 827 1099 et
847 1060 992 1100 tenebo
1013 1072 1197 1113 prensam

363 1120 561 1167 totamque
582 1115 686 1156 hanc
706 1116 792 1156 sine
813 1117 960 1166 fraude,
983 1123 1289 1170 quantacunque
1312 1124 1382 1165 est,

282 1178 301 1208 5
362 1177 561 1212 tormento
583 1173 810 1225 citharaque
831 1174 1046 1214 tensiorem

358 1227 406 1267 ad
423 1235 571 1269 costam
591 1229 662 1269 tibi
683 1230 888 1282 septimam
909 1230 1134 1271 recondam.

363 1375 459 1416 Cum
481 1376 635 1428 loquor,
657 1389 734 1417 una
755 1378 850 1418 mihi
873 1321 1058 1430 pgiatur
1079 1378 1228 1427 littera;
1251 1390 1339 1418 nam
1360 1385 1399 1419 te

413 1434 571 1486 pe-dico
593 1446 748 1487 semper
768 1434 975 1486 blaesaque
995 1435 1128 1487 lingua
1148 1435 1242 1475 mihi
1263 1441 1333 1476 est.

885 1536 970 1576 VIIl

361 1601 562 1643 Matronae
583 1604 723 1656 procul
743 1603 837 1644 hinc
858 1603 961 1645 abite
983 1611 1129 1645 castae:

362 1665 479 1712 turpe
501 1666 560 1700 est
578 1673 647 1701 vos
667 1660 798 1713 legere
820 1661 1014 1714 impudica
1036 1661 1165 1702 verba.
1187 1684 1243 1691 —

361 1729 443 1756 non
466 1717 560 1757 assis
581 1717 731 1758 faciunt
751 1725 926 1770 euntque
947 1725 1070 1759 recta:

361 1773 546 1814 nimirum
568 1774 728 1828 sapiunt
746 1774 957 1827 videntque
978 1787 1158 1828 magnam

359 1837 563 1870 matronae
585 1843 743 1883 quoque
764 1832 978 1872 mentulam
1000 1832 1181 1872 libenter.

362 1988 439 2028 Cur
461 1989 631 2030 obscena
652 1990 747 2030 mihi
767 2004 858 2043 pars
878 1991 928 2031 sit
947 1991 1032 2032 sine
1052 1997 1169 2039 veste,
1192 1989 1378 2042 requiris:

414 2058 571 2097 quaere,
593 2053 698 2100 tegat
719 2047 850 2088 nullus
869 2060 942 2087 cur
961 2060 1031 2088 sua
1050 2047 1127 2087 tela
1147 2047 1256 2087 deus.

356 2103 504 2143 fulmen
527 2103 642 2144 habet
662 2104 800 2144 mundi
820 2104 1015 2153 dominus,
1036 2109 1145 2144 tenet
1164 2103 1259 2143 illud
1281 2109 1435 2156 aperte;

414 2173 488 2200 nec
508 2161 620 2201 datur
641 2173 838 2213 aequoreo
860 2161 1013 2201 fuscina
1032 2167 1133 2201 tecta
1154 2160 1240 2200 deo.

283 2223 302 2255 5
361 2229 434 2257 neo
455 2217 607 2258 Mavors
626 2217 750 2267 illum,
772 2231 843 2271 per
864 2230 980 2270 quem
999 2218 1114 2266 valet,
1137 2217 1281 2257 occulit
1300 2229 1449 2265 ensem,

416 2287 489 2314 nec
508 2275 601 2314 latet
620 2274 661 2314 in
683 2274 815 2328 tepido
836 2275 1001 2316 Palladis
1021 2275 1130 2315 hasta
1151 2274 1253 2315 sinu.

361 2343 456 2370 num
476 2330 598 2384 pudet
617 2338 771 2372 auratas
791 2331 995 2373 Phoebum
1014 2338 1172 2384 portare
1192 2328 1379 2383 sagittas?

413 2389 564 2428 clamne
586 2388 686 2428 solet
706 2389 928 2441 pharetram
951 2389 1054 2429 ferre
1075 2388 1196 2428 Diana
1217 2386 1357 2428 suam?

361 2457 455 2484 num
476 2445 572 2497 tegit
587 2445 740 2486 Alcides
762 2446 933 2486 nodosae
954 2444 1097 2486 robora
1117 2443 1274 2485 clavae?

265 2507 301 2540 10
410 2502 483 2542 sub
504 2502 637 2543 tunica
657 2503 805 2554 virgam
826 2515 922 2543 num
943 2502 1040 2544 deus
1059 2501 1137 2542 ales
1156 2499 1302 2541 habet?

323 2586 366 2620 Vl
391 2590 409 2622 3
436 2599 593 2631 prensum
618 2591 674 2624 vel
696 2601 851 2636 pressum
875 2593 941 2625 alii
965 2592 1050 2626 libri
1066 2591 1078 2635 ΙΙ
1094 2589 1151 2624 vn
1175 2591 1196 2624 2
1221 2599 1294 2624 mea
1319 2591 1372 2624 est
1397 2589 1463 2623 alii
1479 2588 1492 2633 ss
1511 2586 1593 2622 Vllll
1618 2588 1638 2622 2
1670 2631 1674 2635 .
1714 2585 1724 2606 :

208 2643 334 2677 quaero
355 2634 360 2679 Ι
382 2634 476 2677 signa
502 2636 568 2669 alii
1682 2641 1690 2662 's
