1728 2886
599 133 870 170 FRAGMENTA
1370 135 1391 174 1
1398 136 1418 174 1
1428 135 1448 173 7

650 247 719 287 XX
814 248 834 271 *

173 302 305 343 militis
326 303 365 343 in
387 303 496 356 galea
517 303 654 344 nidum
675 248 804 345 segg-71}
823 304 1046 346 columbae:

230 366 402 412 apparet,
424 360 534 399 Marti
555 372 672 412 quam
693 361 741 400 sit
762 362 885 401 amica
906 361 1038 402 Venus

641 449 814 490 XXXVII
823 449 845 472 '³‘

174 515 338 557 Iudaeus
357 517 448 557 licet
467 524 506 557 et
525 518 731 570 porcinum
754 530 901 558 numen
925 519 1059 559 adoret

230 579 268 613 et
289 573 383 613 caeli
403 585 573 614 summas
594 575 755 614 advocet
775 575 980 623 auriculas,

110 627 115 633 '
174 629 214 668 ni
235 635 363 670 tamen
386 636 426 670 et
445 631 550 670 ferro
570 631 782 671 succiderit
802 631 975 684 inguinis
997 643 1106 671 oram

36 735 38 737 v
229 692 267 726 et
287 686 363 726 nisi
385 687 572 727 nodatum
593 687 752 728 solverit
772 694 853 728 arte
875 695 1003 740 caput,

31 738 33 740 ’
96 747 115 781 5
171 749 374 795 exemptus
394 744 541 795 populo
562 743 677 783 Graia
698 745 880 796 migrabit
899 745 946 784 ab
969 745 1067 785 urbe

38 805 43 807 “
230 806 269 839 et
289 812 371 839 non
393 800 524 840 ieiuna
544 801 702 841 sabbata
725 801 810 853 lege
831 807 983 854 premet

172 913 250 940 una
273 907 331 941 est
352 900 534 942 nobilitas
555 908 910 954 argumentumque
932 903 1074 943 coloris

228 957 404 1009 ingenui,
426 958 577 998 timidas
599 971 680 998 non
702 958 884 999 habuisse
904 971 1045 999 manus

146 1023 165 1056 3
191 1033 279 1056 aram
299 1023 349 1067 114
373 1027 408 1057 et
431 1024 495 1057 sibi
521 1026 656 1057 conieci

630 1115 821 1155 xxxvffl
832 1115 852 1135 ⁴⁶⁶

176 1181 276 1223 lecto
298 1181 539 1234 compositus
563 1182 623 1222 vix
645 1183 770 1234 prima
791 1183 945 1223 silentia
967 1184 1094 1224 noctis

232 1238 438 1291 carpebam
461 1244 499 1277 et
519 1251 658 1279 somno
678 1240 827 1279 lumina
847 1240 945 1280 victa
966 1241 1117 1288 dabam,

174 1307 264 1335 cum
286 1307 348 1334 me
368 1307 505 1334 saevus
525 1297 645 1335 Amor
665 1308 853 1348 prensum
873 1297 1107 1349 vulsumque
1128 1297 1275 1350 capillis

8 1391 10 1393 ,
39 1388 44 1402 .-
232 1351 374 1391 excitat
394 1357 434 1391 et
453 1352 624 1392 lacerum
644 1353 872 1405 pervigilare
894 1353 1013 1393 iubet.

10 1454 12 1458 Ι
31 1407 39 1447 ᾴ
69 1451 73 1454 ,
98 1414 118 1447 5
176 1410 232 1448 ‘tu
253 1408 420 1447 lamulus
439 1408 562 1449 meus’
583 1409 712 1461 inquit
731 1413 850 1450 ‘ames
870 1422 959 1449 cum
980 1410 1086 1451 mille
1106 1410 1268 1463 puellas,

30 1466 34 1467 ⁷
234 1465 352 1513 solus,
373 1464 424 1511 io,
446 1464 564 1513 solus,
586 1466 696 1514 dure,
718 1466 845 1506 iacere
866 1466 1019 1519 potes?'

178 1521 312 1561 exsilio
334 1527 373 1560 et
392 1521 557 1573 pedibus
578 1522 693 1562 nudis
712 1523 925 1574 tunicaque
945 1523 1071 1563 soluta

235 1589 352 1617 omne
372 1577 446 1616 iter
467 1578 650 1630 impedio,
673 1579 825 1618 nullum
846 1579 920 1619 iter
940 1580 1116 1632 expedio.

181 1646 288 1674 nunc
307 1646 492 1686 propero,
514 1647 623 1674 nunc
643 1635 700 1675 ire
722 1635 839 1687 piget,
861 1648 1098 1688 rursumque
1119 1636 1248 1676 redire

12 1685 50 1738 Ῐζεῑ
78 1696 116 1730 10
231 1690 415 1742 paenitet,
438 1696 477 1730 et
496 1691 624 1743 pudor
645 1697 702 1731 est
721 1697 823 1732 stare
843 1692 903 1732 via
924 1693 1062 1733 media.

12 1752 16 1759 ’
178 1759 270 1787 ecce
292 1753 422 1787 tacent
442 1759 557 1787 voces
576 1748 781 1788 hominum
802 1749 1069 1802 strepitusque
1089 1749 1239 1789 viarum

135 1811 139 1815 '
235 1810 273 1843 et
291 1803 495 1843 volucrum
516 1810 654 1844 cantus
675 1805 867 1857 turbaque
888 1806 965 1845 fida
986 1818 1146 1847 canum:

178 1860 284 1900 solus
304 1872 376 1912 ego
398 1873 445 1899 ex
467 1861 620 1900 cunctis
641 1873 761 1913 paveo
782 1874 1046 1915 somnumque
1075 1869 1285 1914 torumque

235 1923 274 1956 et
294 1929 439 1968 sequor
459 1917 680 1969 imperium,
702 1930 843 1971 magne
865 1919 1026 1972 Cupido,
1047 1925 1162 1960 tuum

85 2028 129 2061 'w
151 1983 170 2016 3
202 1992 401 2026 sursumque
417 1982 429 2026 ΙΙ
450 1985 469 2017 8
493 1983 662 2026 ingredior
686 1984 851 2029 Riesiusn
871 1986 911 2019 13
947 1995 1045 2020 careo
1082 1991 1271 2030 somnoque
1311 1987 1457 2028 toroque

48 2044 79 2055 «ι
129 2038 150 2061 a

625 2097 835 2137 XXXVIIII
846 2098 866 2119 ‘⁴‘

181 2164 231 2204 sit
251 2177 328 2204 nox
350 2163 412 2203 illa
433 2164 499 2204 diu
522 2164 636 2205 nobis
656 2165 808 2214 dilecta,
834 2166 986 2215 Nealce,

238 2233 336 2272 quae
357 2226 394 2260 te
415 2220 540 2273 prima
561 2233 649 2261 meo
672 2227 832 2274 pectore
853 2223 1091 2276 composuit:

181 2277 230 2317 sit
251 2283 361 2316 torus
382 2283 419 2316 et
440 2277 530 2318 lecti
551 2278 691 2330 genius
711 2284 941 2330 secretaque
962 2279 1090 2331 longa,

43 2381 45 2387 Ι
239 2333 326 2385 quis
345 2340 481 2374 tenera
502 2334 542 2374 in
567 2340 747 2375 nostrum
767 2336 922 2376 veneris
942 2336 1159 2376 arbitrium.

46 2395 61 2446 ss,
105 2396 126 2430 5
181 2402 275 2442 ergo
295 2402 366 2442 age
385 2390 581 2439 duremus,
603 2391 777 2443 quamvis
797 2392 1010 2432 adoleverit
1030 2398 1145 2441 aetas,

55 2448 61 2457 ²
240 2452 474 2498 utamurque
494 2448 607 2501 annis
628 2460 727 2499 quos
749 2460 859 2488 mora
878 2460 994 2500 parva
1015 2456 1126 2489 teret.

184 2504 240 2543 fas
256 2509 294 2543 et
314 2503 398 2543 iura
419 2503 556 2544 sinunt
575 2510 726 2544 veteres
746 2505 958 2545 extendere
977 2516 1149 2553 amores;

239 2560 299 2600 fac
319 2559 396 2599 cito
418 2560 523 2612 quod
544 2567 726 2613 coeptum
748 2566 818 2607 est,
841 2574 922 2601 non
945 2562 1022 2602 cito
1044 2561 1224 2602 desinere
1246 2568 1249 2571 '

156 2625 177 2658 6
201 2627 293 2660 tenet
