1728 2886
180 162 261 200 240
679 163 815 198 LEGES
843 163 1113 199 CONVIVALES

1671 87 1700 124 τες

180 287 258 319 tem
275 291 404 331 poena
420 277 614 318 transibit.
656 280 761 330 quod
778 279 810 319 si
827 287 865 318 et
880 285 1011 319 tumor
1028 280 1146 320 fuerit
1167 286 1204 320 et
1225 281 1334 329 livor,
1356 281 1469 322 solidi
1490 282 1607 323 unius
1634 289 1654 322 5

180 337 334 376 bessem
356 335 440 375 iure
472 335 620 387 optimo
652 344 931 387 consequetur.
990 348 1111 376 unam
1141 349 1233 376 vero
1266 338 1422 377 unciam
1452 339 1607 391 aposiae

179 389 270 449 [hoc
292 399 349 432 est
370 388 626 447 excoctionis]
647 392 980 444 contemplatione
1002 393 1269 434 concedimus.
1313 394 1459 446 placuit
1480 402 1608 436 autem

180 456 225 489 ut
246 449 360 489 etiam
382 449 429 489 de
452 449 576 501 plagis
597 455 634 488 et
654 449 883 489 vulneribus
904 449 1033 490 infixis
1054 457 1250 490 summoto
1283 451 1448 503 strepitu
1478 452 1607 492 crimi-

182 506 260 546 nali
280 506 495 546 amicorum
518 512 740 557 praestetur
759 506 966 558 inspectio,
995 506 1048 546 ita
1068 514 1112 546 ut
1133 507 1364 547 dodrantem
1393 507 1506 548 solidi
1535 521 1608 549 nec

181 563 462 615 inspicientum
484 562 606 614 gratia
627 576 702 603 nec
732 563 932 615 largientis
962 564 1124 604 excedat
1152 564 1387 604 humanitas.
1442 565 1483 604 in
1513 564 1607 606 luxu

179 627 312 660 autem
334 626 373 659 et
393 619 548 660 ossibus
568 619 656 659 loco
677 620 794 660 motis
815 632 941 671 usque
962 621 1007 660 ad
1030 621 1222 661 deuncem
1243 620 1356 661 solidi
1375 621 1607 662 iniuriarum

182 677 435 717 commodum
452 676 598 729 placuit
614 677 785 716 extendi.
825 677 916 716 item
935 689 1056 729 porro
1073 678 1121 717 de
1138 678 1292 718 ossibus
1312 678 1446 718 fractis
1465 678 1612 731 placuit

180 734 448 785 convenitque
472 740 514 772 ut
534 733 574 772 in
596 733 850 773 minutalibus
871 734 1039 782 solidus,
1069 734 1108 774 in
1131 734 1415 787 principalibus
1437 747 1526 775 vero
1549 748 1611 775 os-

181 790 291 831 sibus
311 790 466 842 argenti
487 789 585 829 libra
607 797 799 842 protenus
819 791 1052 830 traderetur.
1103 803 1203 843 quae
1231 797 1360 831 autem
1382 791 1442 831 vel
1462 792 1611 844 princi·

182 847 283 900 palia
303 847 425 887 videri
447 859 532 887 ossa
554 846 723 887 debeant
742 847 803 887 vel
823 847 993 896 minuta,
1024 847 1265 888 medicorum
1296 854 1484 888 tractatus
1504 848 1612 888 inve-

183 904 277 944 niat.
313 904 346 944 si
361 910 492 943 autem
510 904 701 956 parasitus
717 904 882 956 amplius
903 916 1020 956 quam
1042 905 1292 957 praefinitum
1315 911 1373 945 est
1392 905 1611 958 postularit,

181 961 272 1013 plus
292 961 403 1014 petiti
425 961 600 1013 periculo
622 961 902 1012 stranguletur.
943 974 1013 1001 rex
1033 962 1199 1001 convivii
1221 961 1450 1002 iniuriarum
1474 962 1612 1002 merita

180 1018 299 1057 etiam
323 1017 551 1058 voluntariis
572 1018 906 1058 decertationibus
927 1026 1090 1070 cogatur
1111 1018 1331 1067 exsolvere,
1362 1018 1414 1058 ita
1434 1025 1477 1059 ut
1497 1031 1611 1071 prae-

182 1075 304 1115 mium
321 1074 523 1115 criminosi
540 1078 581 1115 in
598 1074 817 1115 mercedem
835 1082 1007 1116 transeat
1022 1075 1225 1115 vulnerati.
1257 1075 1296 1115 in
1315 1081 1466 1116 tantum
1483 1082 1611 1116 autem

183 1131 362 1184 parasitis
382 1131 535 1171 consuli
558 1132 641 1171 iura
662 1131 892 1179 voluerunt,
924 1139 967 1172 ut
996 1133 1027 1172 si
1049 1132 1277 1172 vulneribus
1307 1132 1485 1172 adflictus
1515 1145 1611 1172 con-

183 1194 322 1228 testata
353 1188 418 1227 lite
449 1189 657 1236 defecerit,
695 1189 903 1229 heredibus
934 1189 1017 1229 eius
1047 1189 1202 1241 paterni
1232 1188 1378 1229 laboris
1406 1201 1451 1229 ac
1482 1190 1612 1229 meriti

182 1245 353 1298 praemia
376 1258 455 1284 non
480 1251 687 1297 negentur.
729 1245 834 1297 quod
854 1245 886 1286 si
913 1246 1104 1298 parasitus
1133 1246 1306 1297 quamvis
1334 1252 1521 1286 tractatus
1549 1247 1612 1286 in-

183 1302 407 1355 commode,
440 1309 571 1341 tamen
594 1303 640 1341 de
661 1302 772 1342 malis
793 1302 874 1342 suis
894 1303 1102 1342 intestatus
1124 1302 1330 1351 occiderit,
1360 1302 1475 1343 heres
1496 1315 1611 1355 agere

185 1372 265 1398 non
289 1359 445 1411 poterit.
482 1359 549 1410 qui
567 1371 702 1399 causas
718 1359 856 1398 mortis
877 1373 958 1399 non
980 1359 1204 1407 reddiderit,
1225 1359 1447 1411 insepultus
1467 1359 1611 1400 abicia-

183 1424 261 1455 tur.
302 1422 341 1455 et
361 1416 457 1454 haec
479 1416 611 1455 omnia
632 1416 687 1455 sic
708 1415 996 1463 constituimus,
1029 1416 1139 1467 quasi
1160 1416 1264 1455 inter
1294 1419 1512 1457 convivium
1538 1417 1610 1456 ho-

184 1473 335 1512 minum
357 1472 572 1512 liberorum
594 1478 631 1512 et
652 1472 873 1524 aequalium
899 1472 1104 1512 lasciviens
1124 1471 1239 1512 turba
1269 1472 1472 1513 desaeviat.
1519 1485 1610 1513 nam

182 1529 215 1569 si
237 1542 256 1567 a
279 1534 446 1581 patrono
467 1529 527 1568 vel
555 1541 667 1569 servo
699 1529 855 1581 patroni
887 1529 1078 1582 parasitus
1107 1535 1243 1569 contra
1274 1529 1379 1581 leges
1407 1530 1612 1582 pertulerit

182 1586 378 1633 iniuriam,
401 1585 558 1626 habebit
579 1585 754 1638 fugiendi
776 1586 937 1626 liberam
959 1592 1205 1639 potestatem.

298 1700 315 1731 7
342 1697 619 1742 contemplationi
653 1698 708 1730 vel
737 1697 805 1731 —nis
836 1698 921 1730 libri
947 1696 959 1741 fl
990 1698 1010 1732 8
1038 1707 1170 1732 summo
1201 1698 1312 1731 eidem
1340 1698 1353 1741 u
1382 1699 1424 1732 25
1457 1698 1543 1732 inter
1573 1708 1610 1733 se

181 1742 315 1775 Daniel
329 1743 340 1784 n
361 1742 408 1782 cf.
436 1743 584 1785 Queroli
606 1744 805 1776 diver-bium
826 1754 862 1786 p.
880 1744 934 1784 58,
959 1745 1025 1783 15:,
1043 1747 1184 1787 potesne
1209 1742 1339 1777 discere
1364 1743 1457 1787 leges
1481 1745 1610 1778 novas?

152 1804 153 1807 =
182 1786 227 1821 Μ.
254 1788 405 1830 bahane,
438 1788 514 1822 illas
540 1793 676 1832 egomet
708 1799 749 1822 ex
774 1795 869 1831 parte
895 1788 1041 1822 condidi.
1089 1788 1127 1828 Q.
1153 1794 1291 1822 senatus
1317 1789 1508 1823 consultum
1534 1788 1610 1824 dico

184 1831 411 1868 Servilianum
429 1839 462 1868 et
479 1834 707 1878 parasiticum.
749 1833 792 1868 M.
811 1834 887 1875 ohe,
912 1834 1008 1867 visne
1031 1833 1284 1868 interdictorum
1302 1834 1413 1878 capita
1438 1834 1504 1868 iam
1521 1844 1610 1869 nunc

182 1878 349 1957 eloquar?
382 1879 424 1913 ad
458 1879 567 1923 legem
602 1879 755 1914 Porciam
787 1879 961 1913 Caniniam
985 1879 1116 1914 Furiam
1148 1879 1345 1914 consulibus
1370 1877 1544 1924 Torquato
1577 1883 1611 1914 et

215 1935 314 1958 aurea

1639 571 1676 605 10
1684 582 1686 584 '

1643 854 1679 888 15
1694 847 1709 871 3..¹

1643 1138 1682 1171 20
