1728 2886
120 329 178 363 402

125 704 185 737 403

127 1475 186 1509 404

128 1903 186 1935 405

131 2152 188 2184 406

215 150 298 189 204
822 151 1042 187 VARRONIS

859 266 912 306 lll

354 333 475 373 porro
508 322 600 362 inde
631 322 678 362 ab
703 336 782 363 uno
806 268 1165 376 quoq11(eI)compito
1188 331 1324 366 ternae
1345 326 1428 366 viae
1449 327 1644 375 oriuntur,

214 391 234 418 e
256 378 401 430 quibus
438 379 615 431 singulae
649 380 798 419 exitum
834 392 879 420 ac
900 379 1026 430 τέλος
1050 381 1195 421 habent
1217 382 1434 435 proprium.
1474 396 1496 423 a
1516 385 1644 436 primo

213 436 384 487 compito
406 435 614 475 dextimam
637 437 733 476 viam
756 437 898 476 muniit
920 437 1119 489 Epicurus

705 561 822 594 ΠΕΡΙ
846 561 1158 596 ΕΔΕΣΜΑΤΩΝ

888 641 904 679 l
920 639 983 692 (1)

357 695 409 735 Μ.
430 695 550 736 Varro
574 700 614 736 in
633 704 767 737 satura
783 710 897 750 quam
919 697 1022 752 περὶ
1041 695 1293 751 ἐδεσμάτων
1310 700 1513 752 inscripsit,
1530 698 1648 752 lepide

213 753 416 792 admodum
436 760 470 792 et
489 757 577 794 scite
595 754 709 805 factis
730 754 899 794 versibus
918 767 1097 795 cenarum
1118 755 1286 796 ciborum
1321 758 1526 808 exquisitas
1556 756 1648 796 deli-

214 812 291 850 cias
312 810 600 862 comprehendit.
642 823 732 851 nam
750 811 932 864 pleraque
953 812 993 851 id
1011 825 1130 863 penus
1149 825 1244 865 quae
1263 812 1440 852 heluones
1461 815 1526 852 isti
1544 819 1649 853 terra

214 873 247 905 et
270 869 375 906 mari
393 869 636 919 conquirunt,
657 870 834 920 exposuit
854 867 1080 921 inclusitque
1114 872 1156 908 in
1185 881 1363 909 numeros
1383 871 1564 909 senarios.
1615 877 1649 910 et

213 926 311 975 ipsos
333 924 480 976 quidem
499 937 642 970 versus,
665 928 729 964 cui
747 928 868 965 otium
890 928 974 972 erit,
1003 928 1044 965 in
1067 925 1164 966 libro
1185 938 1256 978 quo
1278 926 1365 966 dixi
1378 928 1521 979 positos
1541 926 1649 978 leyat,

213 992 352 1032 yenera
371 987 497 1020 autem
526 983 755 1034 nominaque
785 981 954 1022 edulium
984 989 1019 1023 et
1050 983 1243 1023 domicilia
1271 983 1443 1023 ciborum
1473 984 1648 1023 omnibus

214 1036 303 1077 aliis
318 1041 576 1089 praestantia,
607 1051 701 1090 quae
725 1038 925 1091 profunda
946 1039 1133 1091 inqlitvies
1155 1043 1372 1092 vestiyavit,
1403 1052 1497 1093 quae
1524 1038 1644 1081 Varro

215 1094 451 1146 opprobrans
472 1103 670 1135 emsecutus
690 1103 754 1142 est,
775 1096 863 1136 haec
884 1102 973 1135 sunt
992 1097 1133 1147 ferme,
1165 1105 1351 1150 quantum
1379 1096 1486 1138 nobis
1507 1109 1650 1137 memo-

214 1153 297 1191 riae
318 1157 391 1191 est.-
407 1164 534 1204 pavus
555 1165 573 1191 e
589 1151 717 1198 Samo,
737 1151 906 1205 Phryyi'a
927 1159 1116 1206 attaqena,
1135 1166 1247 1206 yrues
1264 1153 1430 1199 Melicae,
1446 1153 1587 1194 haedus
1602 1166 1651 1193 em

215 1208 436 1255 Ambracia,
468 1209 639 1261 pelamys
664 1209 925 1257 Chalcedonia,
962 1223 1148 1250 muraena
1174 1209 1362 1257 Tartesia,
1399 1210 1507 1251 aselli
1526 1210 1651 1250 Pessi-

214 1267 365 1311 nuntii,
398 1273 522 1305 ostrea
548 1264 712 1313 Tarenti,
733 1267 982 1318 pectunculus
1111 1267 1238 1319 helops
1261 1266 1440 1314 Rhodius,
1461 1270 1563 1307 scari
1585 1267 1651 1308 Ci—

216 1321 313 1368 lices,
335 1335 449 1362 nuces
474 1321 643 1369 Thasiae,
661 1323 793 1376 palma
815 1325 1010 1376 Aegyptia,
1030 1324 1141 1376 qlans
1161 1324 1341 1364 Hiberica

879 1403 912 1441 ΙΙ
934 1404 992 1454 (2)

357 1471 387 1510 si
410 1476 602 1522 quantum
625 1482 768 1522 operae
789 1471 1009 1523 sumpsisti,
1040 1477 1081 1510 ut
1110 1477 1200 1511 tuus
1230 1471 1354 1523 pistor
1374 1471 1524 1512 bonum
1545 1473 1649 1512 face-

217 1533 276 1566 ret
297 1539 459 1579 panem,
497 1527 581 1567 eius
600 1527 871 1567 duodecimam
893 1527 1164 1580 philosophiae
1195 1528 1387 1577 dedisses,
1416 1529 1500 1582 ipse
1521 1528 1651 1569 honus

217 1583 291 1622 iam
313 1583 466 1635 pridem
488 1597 593 1624 esses
614 1584 749 1624 faetus.
792 1597 900 1624 nunc
922 1584 1030 1623 illum
1053 1584 1120 1635 qui
1151 1591 1320 1634 norunt,
1354 1585 1492 1626 volunt
1521 1598 1651 1626 emere

217 1640 375 1680 milibus
396 1647 570 1688 centum,
591 1646 629 1680 te
650 1641 716 1692 qui
741 1641 848 1680 novit
871 1654 987 1681 nemo
1009 1642 1201 1682 centussis

732 1767 848 1801 ΠΕΡΙ
873 1765 1137 1803 ΕΞΑΓΩΓΗΣ

491 1895 701 1943 quemnam
737 1899 774 1931 te
808 1835 902 1932 esse1
923 1837 1070 1938 didam,
1112 1893 1193 1931 fera
1231 1892 1297 1944 qui
1321 1895 1440 1932 manu
1475 1895 1654 1945 corporiS

583 1949 750 1989 fervidos
786 1949 953 1988 fontium
989 1949 1115 2001 aperis
1150 1949 1257 1989 lacus
1294 1950 1500 2002 sanguinis
1534 1956 1652 2002 teque

579 2008 654 2045 vita
673 2006 775 2046 levas
796 2007 924 2046 ferreo
945 2004 1060 2046 ensi?

878 2085 913 2124 11
935 2086 991 2134 (2)

360 2141 608 2181 Andromeda
630 2141 757 2182 vincta
779 2148 818 2181 et
841 2142 1038 2194 proposita
1068 2147 1153 2182 ceto
1188 2154 1269 2181 non
1291 2141 1426 2182 debuit
1445 2141 1546 2194 patri
1567 2153 1652 2189 suo,
1703 2150 1722 2199 j

220 2198 371 2238 homini
393 2198 673 2250 stupidissimo,
696 2198 734 2238 in
759 2212 802 2238 os
822 2211 965 2251 spuere
988 2197 1130 2238 vitam?

335 2312 401 2344 402
426 2310 470 2344 N.
494 2321 528 2352 p.
554 2312 598 2344 94
623 2309 768 2343 dextima
795 2311 1016 2351 (Priscianus
1039 2310 1079 2343 ΠΙ
1101 2321 1134 2353 p.
1161 2311 1218 2352 98)
1255 2336 1257 2338 -

336 2357 400 2390 403
430 2356 562 2389 Gellius
579 2355 622 2388 Vl
645 2357 686 2389 16
707 2357 712 2394 Ι
734 2365 871 2389 murena
900 2356 1050 2389 tarresia.
1083 2356 1222 2398 reliqua
1246 2354 1416 2395 facillime
1439 2357 1656 2388 revocantur

220 2401 268 2434 ad
290 2404 451 2435 senarios
475 2402 571 2434 velut
595 2410 684 2444 pavo
709 2401 750 2434 ex
776 2400 890 2442 Samo,
917 2401 1030 2445 Phryx
1055 2403 1204 2443 attagen,
1229 2410 1309 2443 grus
1333 2397 1464 2441 Melies,
1489 2399 1587 2433 haedi
1611 2401 1654 2434 ex

221 2447 410 2485 Ambracia,
429 2447 584 2491 pelamys
602 2446 837 2484 Chalcedonis,
863 2448 1022 2480 muraena
1042 2446 1167 2487 Sicula,
1184 2445 1280 2479 aselli
1298 2443 1515 2486 Pessinuntii,
1540 2446 1653 2480 ostrea

221 2491 370 2533 Tarenti,
395 2492 537 2526 Lesbius
563 2491 797 2535 pectunculus,
822 2490 923 2536 lupus
941 2491 1084 2533 Timavi,
1112 2491 1232 2534 helops
1256 2489 1383 2532 Rhodi,
1409 2490 1530 2523 Cilices
1555 2491 1653 2533 scari,
1699 2488 1702 2489 ⁷

220 2547 287 2570 nux
313 2536 450 2578 Thasia,
475 2537 586 2581 palma
611 2537 773 2581 Aegypti,
799 2537 898 2578 glans
922 2537 1086 2570 Hiberica.
1118 2539 1288 2570 secuntur
1319 2545 1441 2568 versus
1463 2536 1656 2578 Euripidei
1700 2547 1702 2549 ’

220 2593 307 2625 quos
330 2585 447 2624 potuit
472 2583 553 2622 fieri
587 2586 629 2615 ut
664 2594 709 2615 ex
745 2583 865 2615 eadem
890 2583 1067 2616 Varronis
1096 2585 1222 2615 satura
1242 2582 1502 2624 grammaticus
1525 2581 1654 2614 deseri-

220 2629 315 2661 beret
331 2627 344 2670 ΙΙ
362 2629 428 2661 404
456 2628 587 2661 Gellius
612 2628 671 2661 XX
700 2630 752 2669 19,
779 2629 798 2662 2

335 2674 399 2707 405
418 2673 509 2707 Non.
521 2684 556 2716 p.
571 2675 638 2708 336
655 2674 767 2707 levare
789 2672 795 2717 Ι
816 2672 920 2706 seram
941 2672 952 2716 ΙΙ
970 2673 1036 2706 406
1049 2671 1134 2715 N.p.
1145 2672 1211 2705 400
1226 2669 1382 2715 stupidus
1402 2671 1408 2715 Ι
1429 2681 1575 2715 expuere
1588 2671 1654 2706 alii
1702 2673 1728 2729 ᾖς’
