1728 2886
0 576 13 636 1,
216 583 317 629 Quid
347 589 475 622 actum
505 582 554 621 sit
574 582 612 620 in
647 581 754 620 caelo
775 587 865 619 ante
896 580 997 619 diem
1019 579 1083 618 Ill.
1105 579 1191 619 idus
1212 578 1394 619 Octobris
1413 591 1519 618 anno
1555 582 1573 620 1

0 646 3 650 ’
103 652 218 685 novo,
239 639 350 678 initio
373 638 516 678 saeculi
538 637 761 682 felicissimi,
784 636 871 676 volo
893 637 1105 675 memoriae
1127 636 1293 675 tradere.
1332 636 1428 675 nihil
1449 648 1523 675 nec

103 697 275 736 offensae
298 707 371 735 nec
400 695 545 746 gratiae
575 694 742 733 dabitur.
783 693 879 733 haec
905 693 954 732 ita
984 705 1085 732 vera,
1125 693 1156 732 si
1178 692 1265 743 quis
1292 693 1526 743 quaesiverit

103 753 208 792 unde
224 752 356 796 sciam,
379 752 560 804 primum,
578 752 609 790 si
628 750 804 797 noluero,
823 763 901 789 non
921 748 1181 802 respondebo.
1215 749 1301 800 quis
1318 755 1526 788 coacturus

0 837 3 884 Ι
53 816 73 848 5
102 807 188 849 est?
228 821 300 861 ego
322 809 404 848 scio
425 820 486 846 me
509 806 673 846 liberum
696 807 864 853 factum,
897 819 942 845 ex
963 818 1041 857 quo
1071 818 1186 846 suum
1207 805 1307 844 diem
1332 805 1428 845 obiit
1447 805 1525 853 ille,

105 866 173 918 qui
194 877 326 904 verum
345 864 595 916 proverbium
613 864 771 910 fecerat,
792 869 858 902 aut
874 874 1004 914 regem
1027 869 1093 902 aut
1109 863 1256 901 fatuum
1279 862 1385 901 nasci
1406 874 1524 914 opor-

0 932 3 965 i
103 929 199 962 tere.
237 922 268 960 si
290 921 449 960 libuerit
465 920 717 971 respondere,
739 919 862 958 dicam
881 918 984 971 quod
1004 919 1096 958 mihi
1117 919 1156 958 in
1179 917 1344 958 buccam
1362 919 1525 958 venerit.

105 979 193 1030 quis
223 990 395 1029 unquam
425 977 472 1016 ab
505 976 689 1016 historico
720 977 912 1015 iuratores
942 973 1097 1027 exegit?
1143 981 1272 1015 tamen
1303 975 1334 1014 si
1366 988 1526 1015 necesse

106 1035 223 1074 fuerit
242 1041 441 1074 auctorem
463 1032 693 1085 producere,
716 1032 892 1083 quaerito
913 1031 961 1070 ab
983 1044 1029 1070 eo
1051 1032 1118 1083 qui
1140 1031 1344 1071 Drusillam
1367 1038 1525 1071 euntem

36 1099 74 1132 10
103 1092 142 1131 in
167 1091 318 1131 caelum
349 1090 462 1129 vidit:
498 1090 600 1129 idem
622 1088 822 1128 Claudium
852 1088 990 1127 vidisse
1011 1100 1052 1128 se
1082 1088 1185 1127 dicet
1216 1088 1291 1127 iter
1320 1088 1526 1128 facientem

107 1153 202 1188 ‘non
223 1146 401 1199 passibus
425 1145 584 1197 aequis’.
625 1145 715 1184 velit
737 1144 854 1190 nolit,
886 1156 1045 1193 necesse
1074 1150 1133 1183 est
1157 1144 1210 1183 illi
1233 1145 1363 1183 omnia
1386 1144 1526 1191 videre,

106 1217 205 1256 quae
226 1205 266 1243 in
288 1203 394 1242 caelo
416 1208 606 1254 aguntur:
643 1201 789 1253 Appiae
817 1202 899 1240 viae
926 1207 1085 1240 curator
1107 1206 1185 1247 est,
1218 1213 1293 1252 qua
1315 1201 1390 1240 scis
1411 1207 1449 1240 et
1469 1201 1527 1239 di-

105 1273 194 1300 vum
216 1263 434 1312 Augustum
456 1265 497 1298 et
515 1258 715 1297 Tiberium
738 1257 940 1297 Caesarem
972 1258 1016 1296 ad
1039 1258 1133 1297 deos
1157 1257 1245 1296 isse.
1287 1258 1393 1297 hunc
1413 1258 1445 1296 si
1466 1258 1528 1296 in-

106 1316 377 1370 terrogaveris,
399 1315 470 1355 soli
491 1314 685 1354 narrabit:
713 1326 844 1354 coram
865 1313 1044 1366 pluribus
1065 1325 1269 1365 nunquam
1288 1313 1450 1353 verbum
1473 1315 1529 1352 fa-

39 1381 76 1415 15
106 1374 194 1414 ciet.
238 1384 326 1413 nam
355 1385 399 1412 ex
423 1372 563 1423 quoin
593 1377 731 1411 senatu
752 1371 890 1410 iuravit
918 1383 958 1410 se
981 1370 1188 1410 Drusillam
1218 1371 1356 1410 vidisse
1376 1370 1527 1410 caelum

108 1429 383 1471 ascendentem
416 1436 454 1468 et
483 1428 536 1467 illi
557 1440 629 1480 pro
658 1433 735 1466 tam
758 1427 864 1466 bono
887 1427 1028 1466 nuntio
1058 1439 1174 1466 nemo
1196 1427 1379 1474 credidit,
1409 1427 1527 1478 [quod

109 1487 260 1536 viderit]
291 1485 419 1525 verbis
449 1484 652 1536 conceptis
679 1484 882 1523 affirmavit
910 1496 950 1523 se
981 1496 1060 1522 non
1093 1483 1376 1530 indicaturum,
1413 1484 1527 1522 etiam

111 1544 143 1583 si
171 1544 210 1583 in
241 1542 368 1582 medio
396 1542 481 1581 foro
511 1541 708 1580 hominem
740 1541 911 1580 occisum
936 1540 1103 1580 vidisset.
1144 1539 1193 1579 ab
1224 1540 1298 1579 hoc
1325 1553 1397 1593 ego
1428 1553 1528 1592 quae

51 1611 54 1614 ·
111 1606 193 1639 tum
215 1599 353 1646 audivi,
375 1605 479 1638 certa
496 1598 598 1637 clara
616 1597 748 1644 affero,
771 1597 821 1636 ita
838 1597 944 1636 illum
962 1597 1106 1636 salvum
1129 1603 1167 1636 et
1182 1596 1334 1636 felicem
1352 1596 1526 1637 habeam.

41 1665 79 1698 20
312 1656 385 1694 iam
408 1654 590 1694 Phoebus
610 1654 786 1693 breviore
807 1654 1133 1699 viacontraxerat
1148 1653 1286 1693 orbem
1558 1653 1584 1692 2

314 1712 413 1751 lucis
434 1718 472 1751 et
491 1710 648 1751 obscuri
670 1710 901 1750 crescebant
921 1716 1098 1761 tempora
1118 1710 1259 1756 somni,

311 1769 464 1820 iamque
485 1780 599 1807 suum
619 1767 756 1807 victrix
776 1767 941 1817 augebat
962 1766 1126 1819 Cynthia
1146 1778 1313 1818 regnum

315 1831 353 1864 et
373 1825 559 1864 deformis
579 1825 731 1875 hiemps
751 1830 882 1874 gratos
904 1822 1088 1875 carpebat
1107 1823 1279 1863 honores

314 1882 440 1921 divitis
460 1880 637 1920 autumni
659 1881 843 1931 iussoque
864 1891 1068 1919 senescere
1090 1879 1242 1919 Baccho

27 1948 81 1982 125
314 1937 498 1990 carpebat
519 1949 624 1977 raras
644 1949 754 1976 serus
774 1936 1007 1975 vindemitor
1027 1948 1131 1975 uvas.

111 2000 207 2046 puto
237 1995 358 2046 magis
383 1994 577 2046 intellegi,
606 1994 638 2034 si
667 1993 822 2032 dixero:
859 1993 1006 2032 mensis
1035 1999 1116 2032 erat
1137 1992 1332 2038 October,
1364 1991 1445 2031 dies
1466 1991 1533 2030 111.

112 2051 198 2091 idus
223 2050 416 2090 Octobris.
456 2051 592 2090 horam
622 2062 702 2089 non
735 2061 894 2101 possum
925 2054 1071 2088 certam
1102 2049 1172 2088 tibi
1202 2049 1352 2094 dicere,
1384 2048 1535 2088 facilius

114 2108 216 2147 inter
237 2107 491 2159 philosophos
520 2118 636 2158 quam
658 2106 762 2145 inter
786 2105 988 2157 horologia
1019 2106 1247 2145 conveniet:
1278 2111 1406 2144 tamen
1429 2104 1536 2144 inter

111 2170 259 2203 sextam
290 2171 329 2203 et
358 2163 563 2215 septimam
594 2168 687 2202 erat.
737 2162 865 2202 ‘nimis
894 2162 1051 2202 rustice’
1082 2162 1236 2214 inquies
1266 2165 1367 2201 ‘cum
1398 2173 1536 2201 omnes

42 2233 82 2266 30
112 2227 261 2272 poetae,
284 2233 364 2259 non
387 2220 564 2259 contenti
584 2226 693 2259 ortus
713 2225 751 2258 et
772 2231 933 2258 occasus
954 2218 1196 2267 describere,
1224 2219 1295 2270 [ut]
1316 2218 1430 2257 etiam
1452 2229 1534 2258 me-

115 2276 220 2316 dium
241 2276 343 2316 diem
365 2277 598 2328 inquietent,
620 2282 662 2315 tu
684 2275 739 2314 sic
760 2274 944 2315 transibis
966 2275 1100 2314 horam
1122 2282 1199 2314 tam
1223 2272 1413 2315 bonam?’

229 2399 435 2442 Scripturas
460 2399 586 2441 quibus
606 2398 698 2431 nihil
718 2397 927 2430 adnotatum
944 2400 995 2430 ese
1018 2398 1109 2440 elegi
1124 2409 1141 2430 e
1166 2398 1286 2431 codiee
1302 2397 1538 2440 &ng-anem,

27 2453 30 2456 ·
49 2470 52 2475 .
117 2445 158 2477 de
174 2455 244 2487 qno
258 2445 360 2487 plene
375 2444 527 2476 relatum
544 2446 594 2477 est
610 2446 648 2475 in
664 2442 831 2487 symbolis
843 2443 1109 2485 philologorum
1124 2443 1364 2476 Bonnam-cium
1379 2453 1412 2486 p.
1431 2443 1474 2476 41
1489 2453 1534 2476 se.

228 2491 248 2523 6
285 2490 341 2533 qui
378 2489 428 2522 bis
458 2498 573 2522 verum
605 2488 835 2521 Mommsenus
868 2488 880 2531 11
917 2489 955 2522 16
986 2488 1147 2532 quicquid
1177 2488 1299 2522 viderit
1327 2489 1537 2522 Paschasius

116 2534 310 2567 Radbertus
334 2535 391 2574 (cll
418 2534 566 2567 Hermae
588 2535 611 2567 6
631 2544 668 2576 p.
698 2532 774 2574 127)
791 2532 804 2576 11
822 2533 864 2566 20
890 2537 1000 2566 ortum
1017 2533 1030 2577 11
1049 2535 1091 2567 23
1123 2534 1275 2577 rapiebat
1296 2536 1369 2577 ipse
1392 2534 1536 2574 conieci,

116 2580 273 2623 turpabat
298 2580 474 2622 Hauptius
489 2579 501 2622 11
521 2580 563 2613 24
587 2579 730 2622 visoque
754 2579 862 2610 editio
878 2580 1046 2622 princeps
1063 2578 1075 2622 11
1094 2580 1135 2613 26
1160 2579 1338 2622 intelleges
1364 2577 1399 2613 0.
1416 2578 1458 2611 F.
1480 2577 1536 2614 W.

116 2624 303 2658 Muellerus
319 2625 332 2667 11
350 2626 392 2660 29
418 2625 543 2658 rustice
567 2623 790 2667 adquiescunt
814 2633 931 2657 omnes

1264 2681 1326 2717 15*
