1728 2886
190 146 251 195 36
811 145 1012 180 PETRoNn

198 262 272 302 bus
293 274 364 314 per
383 261 590 301 ridiculum
612 260 758 312 aliquid
780 260 1024 312 catastropha
1042 266 1309 312 quaereretur.
1342 273 1415 301 nec
1436 261 1542 301 enim
1561 262 1627 301 ad-
1654 267 1691 299 H

197 319 276 358 huc
307 318 501 358 exciderat
531 330 649 357 cocus
679 317 763 365 ille,
794 317 862 369 qui
892 317 1037 358 oblitus
1066 318 1193 357 suerat
1212 329 1378 369 porcum
1398 318 1630 358 exinterare.

199 375 330 427 itaque
360 381 485 414 totum
517 374 820 426 circumspicere
851 374 1065 414 triclinium
1098 374 1230 426 coepi,
1262 387 1313 413 ne
1343 386 1415 426 per
1443 375 1630 427 parietem

201 438 439 471 automatum
462 431 619 483 aliquod
635 431 770 478 exiret,
791 431 926 482 utique
942 438 1151 483 postquam
1169 443 1304 471 servus
1319 431 1517 472 verberari
1538 443 1630 472 coe-

199 489 278 540 pit,
310 489 377 540 qui
399 489 603 528 brachium
635 488 783 527 domini
814 495 1025 528 contusum
1056 488 1143 527 alba
1165 487 1296 540 potius
1318 499 1436 539 quam
1456 488 1630 541 conchy-
1659 495 1678 528 5

199 546 289 584 liata
311 545 526 585 involverat
543 545 645 584 lana.
687 557 760 584 nec
781 545 900 596 longe
919 545 1114 585 aberravit
1133 544 1304 596 suspicio
1322 557 1428 594 mea;
1450 543 1490 584 in
1508 545 1630 585 vicem

197 602 304 642 enim
327 614 479 654 poenae
507 602 613 642 venit
642 601 841 641 decretum
863 602 1183 649 Trimalchionis,
1215 602 1491 653 quojjpuerum
1520 601 1634 643 iussit
1695 652 1702 655 Α

199 658 367 698 liberum
389 672 495 708 esse,
527 671 577 698 ne
599 659 686 710 quis
707 664 840 710 posset
861 659 1012 706 dicere,
1045 664 1196 698 tantum
1225 658 1351 697 virum
1372 671 1458 699 esse
1477 670 1500 698 a
1518 671 1631 700 servo

200 716 460 755 vulneratum.

131 774 184 815 55
317 771 325 826 Ι
350 773 652 824 comprobamus
674 783 747 811 nos
766 772 912 810 factum
939 770 945 823 Ι
972 777 1011 810 et
1041 783 1157 822 quam
1187 771 1227 810 in
1249 771 1454 823 praecipiti
1474 783 1539 812 res
1558 772 1632 811 hu·
1663 773 1716 825 1⁰1

198 842 336 869 manae
357 835 501 878 essent,
528 831 535 882 Ι
560 828 666 868 vario
687 840 871 867 sermone
887 827 1093 879 garrimus.
1123 826 1128 882 Ι
1156 827 1232 867 ‘ita'
1249 828 1377 880 inquit
1393 828 1629 869 Trimalchio
1655 836 1715 883 lm

201 891 295 925 ‘non
327 889 482 938 oportet
511 886 617 926 hunc
648 897 782 924 casum
813 885 899 925 sine
929 884 1188 937 inscriptione
1219 884 1400 925 transire’
1421 885 1631 937 statimque

199 942 399 983 codicillos
420 942 601 995 poposcit
617 948 656 981 et
672 955 754 981 non
776 941 842 982 diu
865 941 1105 993 cogitatione
1125 941 1289 981 distorta
1319 942 1414 982 haec
1435 942 1631 982 recitavit:
1703 978 1713 994 ,Α

393 997 400 1053 Ι
428 999 546 1051 ‘quod
567 1012 647 1038 non
670 1005 866 1051 expectes,
888 1011 934 1037 ex
954 1004 1178 1038 transverso
1199 999 1325 1037 situ..
1341 1028 1365 1032 -
1653 995 1715 1055 HR)

458 1085 481 1088 -
507 1062 547 1095 et
565 1068 685 1108 supra
705 1068 779 1095 nos
800 1055 975 1094 Fortuna
997 1055 1154 1106 negotia
1175 1061 1297 1094 curat.
1656 1054 1711 1103 15¹⁵:

454 1114 459 1162 Ι
487 1125 607 1164 quare
628 1112 676 1151 da
698 1111 812 1151 nobis
832 1112 919 1151 vina
941 1111 1121 1160 Falerna,
1145 1111 1270 1163 puer.’
1653 1122 1687 1155 Η
1706 1107 1710 1132 ³

313 1169 360 1209 ab
383 1170 459 1209 hoc
479 1170 758 1222 epigrammate
783 1167 790 1221 Ι
816 1168 947 1221 coepit
965 1175 1171 1220 poetarum
1192 1181 1277 1208 esse
1298 1168 1447 1208 mentio
1652 1174 1719 1220 HR

200 1227 347 1278 diuque
377 1238 528 1266 summa
558 1225 743 1266 carminis
772 1238 895 1277 penes
925 1225 1103 1277 Mopsum
1125 1225 1316 1265 Thracem
1337 1231 1550 1266 memorata
1573 1231 1631 1266 est

199 1283 328 1322 donec
343 1283 577 1323 Trimalchio
600 1282 722 1334 ‘rogo'
744 1282 872 1333 inquit
893 1282 1112 1333 ‘magister,
1145 1282 1236 1333 quid
1260 1289 1375 1334 putas
1396 1282 1502 1322 inter
1521 1282 1629 1322 Cice-
1700 1278 1707 1314 ἑ

198 1352 336 1379 ronem
367 1346 406 1379 et
435 1340 644 1379 Publilium
676 1337 897 1379 interesse?
949 1350 1022 1390 ego
1061 1339 1226 1378 alterum
1257 1345 1352 1391 puto
1383 1339 1628 1379 disertiorem
1657 1331 1709 1390 m}

199 1397 341 1445 fuisse,
362 1397 528 1436 alterum
548 1396 830 1436 honestiorem.
873 1395 966 1446 quid
989 1395 1094 1435 enim
1115 1395 1175 1435 his
1195 1395 1338 1435 melius
1369 1395 1445 1436 dici
1474 1394 1631 1448 potest?
1688 1392 1708 1442 {J

442 1453 646 1493 “luxuriae
667 1453 767 1492 rictu
789 1452 923 1491 Martis
943 1459 1120 1491 marcent
1140 1452 1307 1492 moenia.
1692 1444 1708 1526 ἒ

469 1516 538 1550 tuo
561 1509 690 1562 palato
712 1509 868 1548 clausus
888 1521 984 1561 pavo
1006 1509 1181 1560 pascitur
1698 1526 1700 1531 v

470 1566 644 1619 plumato
665 1566 830 1605 amictus
851 1577 973 1604 aureo
995 1565 1248 1618 Babylonico,
1691 1571 1695 1578 ’

471 1623 615 1675 gallina
635 1623 705 1661 tibi
725 1622 942 1670 Numidica,
962 1622 1033 1661 tibi
1053 1622 1179 1674 gallus
1199 1622 1340 1674 spado;

471 1679 623 1719 ciconia
645 1679 774 1727 etiam,
794 1685 903 1730 grata
922 1679 1133 1730 peregrina
1153 1678 1307 1731 hospita

471 1735 749 1788 pietaticultrix
770 1735 979 1787 gracilipes
1000 1735 1238 1775 crotalistria

471 1793 551 1832 avis
572 1793 661 1832 exul
681 1792 832 1840 hiemis,
853 1792 991 1832 titulus
1010 1792 1130 1844 tepidi
1151 1792 1353 1844 temporis,

472 1849 670 1901 nequitiae
692 1849 828 1888 nidum
849 1849 889 1888 in
912 1847 1081 1888 caccabo
1102 1849 1196 1888 fecit
1215 1848 1346 1888 modo.

471 1918 551 1957 quo
571 1905 780 1957 margarita
801 1917 891 1944 cara
909 1905 993 1954 tibi,
1014 1905 1149 1945 bacam
1165 1902 1369 1944 Indicam?

474 1975 523 2002 an
546 1969 590 2002 ut
610 1969 789 2002 matrona
810 1968 948 2002 ornata
969 1962 1139 2014 phaleris
1159 1961 1322 2014 pelagiis

470 2019 580 2059 tollat
599 2020 720 2071 pedes
740 2019 929 2058 indomita
950 2018 989 2058 in
1012 2024 1135 2058 strato
1157 2015 1376 2058 extraneo?
1694 2058 1697 2059 γ

469 2075 720 2127 zmaragdum
735 2075 783 2115 ad
799 2087 917 2127 quam
936 2087 1020 2115 rem
1035 2075 1210 2124 viridem,
1227 2075 1444 2127 pretiosum
1459 2070 1630 2115 vitrum?
1680 2087 1696 2123 3

473 2145 551 2184 quo
573 2132 862 2172 Carchedonios
883 2138 993 2184 optas
1014 2132 1126 2184 ignes
1147 2130 1350 2184 lapideos?
1675 2127 1685 2148 ’ᾗ

473 2189 547 2229 nisi
569 2196 613 2228 ut
632 2189 818 2229 scintillet
836 2189 1011 2241 probitas
1031 2202 1053 2229 e
1073 2189 1338 2229 carbunculis.

317 2290 331 2321 1
360 2287 511 2331 periculo
535 2288 664 2332 aliquid
683 2288 730 2332 117
756 2289 846 2322 enim
876 2299 960 2323 cene
975 2288 989 2333 ΙΙ
1009 2290 1028 2323 8
1053 2298 1152 2323 servo
1183 2286 1393 2332 liberatum‘ss
1413 2289 1454 2322 10
1479 2295 1632 2330 compro·
1684 2281 1689 2325 J

203 2333 322 2366 bamus
347 2332 474 2366 factum
491 2334 655 2378 varioque
678 2336 836 2377 iungunt
851 2333 922 2368 LO.
947 2335 1109 2367 Petronii
1125 2336 1243 2368 oratio
1260 2335 1412 2367 habebat
1433 2334 1543 2366 etiam
1560 2330 1632 2366 tale
1687 2344 1697 2379 j

201 2383 237 2411 et
261 2377 427 2411 recordati
452 2382 516 2413 aut
538 2382 572 2414 et
596 2389 672 2413 cum
691 2379 924 2423 Agamemnon
949 2389 1147 2423 expromere
1164 2379 1337 2423 coepisset
1354 2387 1457 2422 quam
1475 2378 1488 2421 fl
1506 2379 1549 2413 14
1573 2386 1631 2411 ex·
1684 2379 1693 2407 ³.

201 2427 319 2467 pectas
344 2423 374 2457 L
394 2423 399 2467 Ι
420 2423 559 2469 ubique,
582 2428 697 2458 nostra
722 2424 900 2468 supplevit
923 2425 1090 2458 Heinsius
1105 2424 1118 2468 ΙΙ
1138 2426 1177 2459 17
1206 2428 1382 2468 poetarum
1407 2423 1522 2466 coepit
1536 2421 1599 2457 Lo
1620 2421 1632 2467 ΙΙ
1676 2418 1681 2439 ‘

203 2470 244 2503 18
270 2472 474 2503 commorata
507 2470 618 2504 codex
647 2470 855 2505 Messanius.
902 2470 1052 2514 dempsit
1082 2472 1294 2513 epitomator
1336 2481 1382 2503 ea·
1414 2469 1630 2502 Petroniana
1684 2507 1685 2510 Ἴ

205 2513 476 2548 Trimalchionis
498 2526 659 2549 sermone
682 2519 771 2558 erat,
802 2515 845 2549 de
867 2526 931 2549 suo
957 2515 1099 2549 addidit
1123 2525 1190 2559 que
1213 2518 1249 2548 et
1271 2517 1460 2549 memorata
1485 2516 1538 2548 est
1548 2512 1569 2592 μ
1588 2515 1630 2549 19

201 2563 301 2603 putes
326 2559 387 2592 LO
403 2559 415 2604 ΙΙ
434 2563 476 2595 20
502 2561 655 2605 publium
674 2561 687 2604 ΙΙ
703 2562 746 2595 23
782 2561 931 2594 nascitur
949 2560 961 2604 ΙΙ
979 2562 1019 2595 27
1051 2561 1190 2604 pietatis
1221 2560 1342 2594 cultrix
1366 2559 1517 2600 301129
1544 2559 1631 2593 recit
1668 2576 1675 2595 2

201 2614 277 2637 meo
307 2604 319 2649 ΙΙ
337 2606 380 2638 30
417 2607 543 2640 tribaca
567 2606 643 2647 (tibi
668 2606 751 2640 baca
774 2606 977 2648 Ber-nemis)
1000 2605 1111 2640 indica
1142 2606 1154 2650 ΙΙ
1185 2607 1228 2640 33
1251 2605 1344 2639 malo
1369 2603 1476 2638 viride
1504 2604 1517 2648 n
1542 2605 1585 2640 35
1610 2614 1629 2639 e

206 2650 411 2683 Bernensis:
435 2656 487 2686 est
512 2653 620 2685 ceteri
639 2652 645 2696 Ι
667 2651 891 2686 carbunculus
916 2654 980 2685 aut
1002 2651 1227 2685 carbunculos
1251 2655 1316 2685 aut
1337 2649 1561 2685 carbunculus
1691 2646 1693 2653 ’
