1728 2886
232 143 313 182 212
834 144 1054 180 VARRONIS

884 259 937 298 XI
980 261 1003 300 2

141 334 200 367 470
273 384 279 390 1
373 326 478 378 quod
501 326 673 366 Minerva
694 333 860 379 propter
880 260 976 375 stet}
989 263 1025 367 ig]
1048 328 1268 380 significare
1285 341 1373 368 eum
1392 337 1556 382 propter
1571 329 1666 369 doc·

231 389 376 423 trinam
861 439 932 479 XII
954 438 1038 493 (10)

145 504 203 538 471
377 495 507 536 album
809 496 959 537 adversi
981 497 1086 537 venti
1108 497 1351 538 ceciderunt.
1394 498 1500 550 quod
1521 498 1553 539 si
1574 510 1666 550 per·
1700 502 1704 504 “

237 558 337 605 gunt
357 553 503 592 diutius
525 565 630 592 mare
651 553 825 601 volvere,
847 566 987 593 vereor
1009 567 1059 593 ne
1081 567 1142 593 me
1165 567 1344 606 quoque,
1367 567 1486 606 quom
1507 554 1667 595 domum
1703 551 1705 553 ’

238 609 286 649 ab
309 609 378 649 Ilio
401 610 543 650 cossim
567 622 724 658 venero,
749 616 905 662 praeter
923 623 1063 650 canem
1085 618 1299 662 cognoscat
1320 623 1435 651 nemo

145 754 204 787 472
376 751 517 785 ventus
537 745 682 785 buccas
703 689 1148 786 vehemefftliiilsgtifssare
1171 753 1210 786 et
1230 747 1358 787 calcar
1377 747 1584 787 admovere

861 825 969 865 xuu
989 827 1044 878 (9)
1688 811 1710 879 ¹211}

146 900 204 934 473
376 904 628 944 quocumque
649 892 706 932 ire
722 892 921 943 vellemus,
945 894 1081 934 obvius
1103 894 1210 934 flare.
1251 893 1318 934 ubi
1341 894 1498 946 corpori
1518 895 1711 939 aerinas

235 949 445 1003 compedes
466 949 668 1001 impositas
687 949 798 989 video
1688 947 1713 1014 ,ζ

868 1017 936 1056 xv
958 1019 1043 1068 (13)
1691 1014 1713 1061 7

146 1083 205 1115 474
375 1073 443 1113 ubi
479 1074 667 1114 dicuntur
700 1074 858 1114 barbari
902 1075 1211 1115 innumerabiles
1246 1076 1388 1115 lateres
1423 1088 1564 1116 aureos
1601 1076 1670 1115 ba·
1690 1032 1714 1204 ἓ

235 1131 367 1171 buisse
1688 1135 1690 1138 ·
1709 1136 1713 1159 a

855 1187 939 1227 XVl
961 1189 1046 1239 (19)
1702 1230 1711 1248 4,

140 1264 204 1299 -475
376 1255 440 1295 hic
462 1255 567 1295 enim
589 1255 720 1294 omnia
742 1262 836 1305 erat,
859 1257 960 1296 idem
989 1257 1172 1297 sacerdos
1196 1263 1354 1309 praetor
1378 1257 1584 1309 parochos,
1602 1257 1670 1296 de·

239 1313 359 1364 nique
379 1312 483 1352 idem
505 1318 677 1361 senatus,
700 1312 801 1352 idem
823 1313 1007 1365 populus,
1030 1313 1151 1366 kaput
1700 1319 1715 1326 ²

846 1391 950 1431 XVII
973 1392 1058 1443 (11)

147 1459 207 1491 476
380 1448 446 1488 ubi
469 1447 574 1499 quod
596 1448 726 1500 lupam
751 1448 899 1488 alumni
921 1449 1105 1488 sellarunt
1126 1449 1218 1488 olim

847 1527 968 1567 XVIII
989 1528 1074 1579 (15)

153 1595 210 1627 477
383 1590 474 1623 ante
496 1596 612 1635 quam
633 1584 768 1624 militia
790 1584 976 1624 subactus
997 1585 1146 1636 aliquot
1167 1584 1281 1624 annis
1302 1590 1384 1624 erat

838 1663 979 1703 XVIIII
1000 1665 1084 1715 (16)

150 1729 208 1763 478
381 1720 421 1760 in
445 1720 580 1760 castris
601 1721 812 1772 permansi,
835 1721 927 1760 inde
949 1721 1140 1760 caballum
1162 1721 1300 1761 reduxi
1321 1721 1366 1760 ad
1390 1733 1595 1761 censorem

866 1799 935 1839 XX
955 1801 1043 1850 (17)
1706 1853 1715 1863 Α,

152 1875 209 1909 479
381 1868 511 1919 itaque
546 1874 629 1907 tum
665 1879 778 1907 ecum
808 1869 1030 1907 mordacem
1064 1867 1316 1908 calcitronem
1339 1867 1541 1908 horridum
1564 1867 1674 1908 miles
1696 1872 1710 1919 13·

241 1937 330 1965 acer
348 1938 428 1964 non
446 1924 591 1964 vitabat

861 1992 948 2032 XXI
970 1993 1055 2042 (18)
1692 2019 1728 2052 ‘.

152 2057 209 2091 480
381 2062 491 2090 nunc
512 2055 650 2089 emunt
669 2050 827 2089 trossuli
850 2049 973 2089 nardo
996 2049 1107 2089 nitidi
1123 2049 1237 2101 vulgo
1249 2049 1378 2089 Attico
1392 2049 1540 2090 talento
1561 2053 1699 2090 ecum'
1715 2081 1728 2110 2

357 2162 422 2195 470
449 2161 493 2195 N.
517 2172 552 2205 p.
578 2162 642 2195 367
669 2164 807 2205 propter
830 2161 842 2204 ss
867 2162 928 2195 471
958 2160 1002 2194 Ν.
1024 2172 1060 2203 p.
1086 2162 1149 2194 247
1183 2160 1298 2194 album
1331 2161 1411 2195 mite
1436 2163 1470 2194 et
1493 2160 1709 2206 placidum„

243 2210 423 2250 postrema
449 2218 471 2240 a
489 2217 608 2240 vereor
627 2217 664 2250 p.
679 2207 744 2240 276
761 2208 800 2239 in
818 2216 1024 2250 cognoscere
1047 2209 1270 2248 repetuntur.
1308 2206 1444 2239 eoeeidit
1465 2207 1583 2249 igitur
1606 2206 1677 2240 talo
1726 2234 1728 2244 Α

244 2251 393 2286 nondum
419 2252 533 2286 album
558 2251 689 2286 caelum
714 2254 766 2285 est
791 2262 912 2296 neque,
936 2251 1092 2291 fortasse
1116 2252 1291 2284 adiectum
1309 2255 1392 2284 ante
1408 2251 1542 2285 adversi
1556 2251 1691 2287 Vlian‘ess

243 2308 371 2331 nomen
389 2309 497 2331 causa
514 2296 589 2338 fuit
604 2299 741 2331 erroris
761 2299 766 2339 Ι
788 2298 909 2331 cessim
924 2299 1009 2330 Pius
1029 2299 1034 2338 Ι
1054 2300 1226 2331 revertero
1247 2308 1283 2339 p.
1299 2298 1365 2331 276
1383 2297 1396 2339 n
1411 2298 1478 2331 472
1502 2295 1546 2331 Ν.
1562 2308 1596 2340 p.
1609 2298 1675 2335 451

246 2343 356 2376 calcar
372 2343 385 2387 ΙΙ
403 2345 468 2377 473
493 2342 537 2377 Ν.
549 2354 586 2386 p.
600 2344 643 2378 28
669 2342 851 2386 compedes
872 2344 877 2385 Ι
899 2353 966 2387 quo
993 2353 1068 2376 cum
1093 2343 1141 2375 ire
1165 2343 1232 2375 alii
1249 2342 1262 2387 ΙΙ
1278 2341 1448 2386 474N.p.
1468 2343 1529 2377 131
1554 2342 1644 2377 later
1666 2341 1683 2389 Q

246 2388 304 2422 ubi
330 2389 509 2423 edicuntur
534 2391 598 2422 aut
619 2387 805 2422 educantur
830 2389 925 2431 quod
945 2391 1064 2431 potest
1087 2398 1158 2420 esse
1182 2388 1240 2421 ubi
1266 2391 1301 2421 et
1323 2388 1379 2420 vel
1393 2387 1484 2422 ubei.
1520 2389 1680 2424 trochei«,

245 2444 368 2466 corum
391 2436 675 2478 septenariorum
686 2436 810 2477 partes
827 2434 1002 2476 disposuit
1014 2433 1051 2467 V
1047 2434 1195 2466 amenus
1213 2434 1225 2476 ΙΙ
1241 2434 1306 2467 475
1320 2431 1365 2467 Ν.
1378 2443 1414 2476 p.
1428 2433 1472 2467 48
1486 2434 1653 2477 parochos
1666 2431 1687 2479 ᾖ

246 2479 363 2521 populi
389 2480 474 2514 Itali
497 2481 509 2522 ΙΙ
536 2481 601 2514 476
626 2478 670 2513 Ν.
692 2490 728 2522 p.
755 2480 820 2513 242
845 2480 1001 2513 alumnos
1029 2478 1042 2522 ΙΙ
1071 2481 1135 2512 477
1161 2477 1205 2511 Ν.
1226 2489 1264 2521 p.
1287 2480 1353 2513 401
1379 2478 1536 2521 subigere
1556 2477 1562 2523 Ι
1583 2478 1683 2517 mitis

246 2524 406 2557 subactus
422 2527 434 2568 ΙΙ
453 2527 519 2560 478
543 2524 588 2558 Ν.
609 2535 644 2567 p.
671 2526 714 2559 86
738 2524 891 2558 caballus
907 2525 918 2568 n
937 2527 1003 2559 479
1027 2523 1071 2558 N.
1087 2535 1122 2567 p.
1147 2525 1190 2558 45
1218 2523 1431 2558 calcitrones.
1479 2525 1690 2558 ἰν·ο<>Ιιιιι“σε’Δ

245 2572 287 2602 ut
309 2573 526 2612 septenarios
548 2569 729 2613 facerent,
767 2571 998 2612 corrigebant
1034 2573 1113 2603 tunc
1144 2572 1178 2601 et
1202 2569 1464 2603 calcitronemve
1489 2569 1643 2605 horridus
1659 2581 1685 2608 ,

246 2614 344 2648 miles
368 2624 408 2648 ac
432 2616 483 2649 vir
511 2616 524 2660 ΙΙ
553 2617 619 2651 480
643 2615 686 2650 Ν.
713 2626 749 2658 p.
767 2617 810 2649 49
835 2616 985 2649 trossuli.
1031 2617 1069 2647 in
1097 2616 1308 2656 septenariis
1342 2613 1446 2648 nardo
1470 2612 1568 2649 nitidi
1592 2614 1662 2651 tro&
1677 2623 1684 2646 -13

246 2659 311 2694 suli
335 2658 514 2704 Hoc-perus
535 2661 540 2706 Ι
561 2662 616 2695 vel
639 2661 753 2695 Attico
777 2662 864 2694 satis
888 2671 960 2694 esse
981 2663 1148 2704 putaram
