1728 2886
26 747 63 782 10

28 1031 64 1064 15

30 1314 70 1348 20

33 2159 71 2192 35

34 2441 74 2475 40

599 114 1007 151 APOCOLOCYNTOSIS
1433 111 1513 150 229

298 233 446 272 detinet
465 232 635 272 intentas
657 238 774 271 cantu
794 230 968 282 fallitque
988 230 1173 269 laborem.

297 290 468 341 dumque
491 288 608 328 nimis
627 287 813 327 citharam
835 288 1086 338 fraternaque
1107 285 1280 326 carmina
1301 285 1471 334 laudant,
1514 335 1517 339 ἱ

297 346 386 398 plus
406 345 520 386 solito
543 357 684 385 nevere
706 356 845 384 manus
864 344 1113 394 humanaque
1134 343 1210 382 fata

298 403 494 442 laudatum
517 401 761 441 transcendit
781 412 892 453 opus.
933 403 997 439 ‘ne
1018 399 1174 446 demite,
1198 397 1351 438 Parcae’

299 458 483 498 Phoebus
503 458 555 497 ait
575 458 717 496 ‘vincat
737 456 910 496 mortalis
930 462 1107 507 tempora
1127 455 1225 495 vitae

299 516 362 555 ille
382 514 475 554 mihi
497 514 632 555 similis
651 513 760 553 vultu
781 512 996 564 similisque
1017 511 1160 551 decore

301 584 373 611 nec
394 578 513 611 cantu
535 583 609 610 nec
628 582 723 609 voce
744 570 887 609 minor.
928 569 1054 608 felicia
1074 568 1184 608 lassis

300 627 453 668 saecula
473 626 687 679 praestabit
706 627 914 678 legumque
936 625 1087 665 silentia
1108 629 1276 677 rumpet.

299 685 423 736 qualis
445 684 659 724 discutiens
679 683 866 735 fugientia
887 682 1047 722 Lucifer
1066 687 1168 722 astra

299 749 365 780 aut
385 740 510 792 qualis
529 740 653 792 surgit
672 738 930 779 redeuntibus
951 738 1150 790 Hesperus
1171 737 1296 783 astris,

300 797 424 849 qualis
445 809 534 837 cum
555 797 725 849 primum
746 795 921 835 tenebris
941 797 1092 834 Aurora
1113 794 1250 834 solutis

299 854 451 893 induxit
471 853 690 893 rubicunda
711 853 825 898 diem,
847 852 914 891 Sol
934 852 1072 903 aspicit
1092 851 1227 890 orbem

299 910 452 950 lucidus
474 918 512 949 et
531 910 679 961 primos
700 921 721 948 a
742 920 899 948 carcere
919 908 1090 948 concitat
1109 920 1219 947 axes:

300 967 385 1006 talis
407 966 546 1006 Caesar
567 966 686 1013 adest,
708 965 823 1004 talem
844 965 919 1003 iam
940 964 1061 1004 Roma
1081 964 1279 1004 Neronem

300 1023 472 1075 aspiciet.
514 1023 651 1074 flagrat
672 1022 817 1061 nitidus
838 1021 989 1073 fulgore
1013 1020 1173 1060 remisso

298 1079 428 1119 vultus
448 1085 486 1119 et
506 1078 643 1119 adfuso
666 1078 794 1118 cervix
814 1078 983 1117 formosa
1005 1076 1173 1129 capill0.'

98 1135 193 1175 baec
216 1135 366 1187 Apollo.
407 1142 445 1175 at
465 1135 669 1182 Lachesis,
701 1146 801 1186 quae
821 1140 861 1173 et
880 1134 963 1185 ipsa
991 1133 1141 1173 homini
1163 1131 1443 1172 formosissimo
1465 1130 1522 1169 fa-

98 1198 225 1238 veret,
255 1192 346 1232 fecit
367 1192 489 1242 [illud]
511 1191 626 1244 plena
651 1203 790 1238 manu,
821 1197 860 1230 et
880 1190 1027 1230 Neroni
1056 1189 1199 1229 multos
1218 1200 1345 1228 annos
1374 1187 1421 1226 de
1450 1198 1521 1226 suo

99 1249 230 1289 donat.
271 1248 473 1288 Claudium
494 1254 624 1287 autem
645 1247 784 1289 iubent
803 1259 942 1287 omnes

298 1307 545 1359 χαίροντας,
567 1299 872 1360 εὐφημοῦντας
894 1300 1136 1356 ἐκπέμπειν
1158 1299 1319 1355 δόμων.

100 1368 138 1402 et
159 1361 223 1401 ille
243 1362 401 1412 quidem
422 1362 589 1401 animam
611 1361 782 1408 ebulliit,
809 1366 848 1400 et
868 1372 913 1399 ex
936 1372 982 1399 eo
1004 1359 1117 1399 desiit
1136 1359 1262 1398 vivere
1282 1356 1415 1396 videri.
1457 1368 1524 1396 ex-

100 1418 239 1471 piravit
253 1425 382 1457 autem
414 1418 507 1458 dum
527 1417 737 1458 comoedos
758 1417 884 1463 audit,
915 1422 959 1455 ut
979 1416 1078 1456 scias
1106 1428 1169 1455 me
1191 1428 1270 1455 non
1303 1414 1388 1454 sine
1409 1425 1525 1452 causa

101 1475 187 1514 illos
209 1475 358 1514 timere.
399 1475 533 1514 ultima
554 1487 627 1514 vox
647 1474 731 1513 eius
750 1474 847 1513 haec
867 1474 970 1512 inter
990 1472 1170 1512 homines
1190 1471 1317 1511 audita
1339 1476 1410 1517 est,
1434 1481 1524 1508 cum

102 1532 287 1571 maiorem
318 1531 490 1571 sonitum
521 1531 711 1571 emisisset
741 1530 804 1569 illa
834 1536 965 1581 parte,
995 1541 1071 1580 qua
1093 1528 1242 1568 facilius
1271 1526 1523 1579 loquebatur:

102 1592 182 1628 ‘vae
204 1600 286 1635 me,
317 1594 434 1640 puto,
465 1587 670 1627 concacavi
692 1586 781 1626 me’.
823 1585 928 1638 quod
948 1598 996 1625 an
1019 1586 1176 1633 fecerit,
1207 1584 1359 1624 nescio:
1394 1582 1526 1622 omnia

102 1651 208 1684 certe
229 1644 465 1684 concacavit.

216 1713 314 1752 quae
345 1701 383 1740 in
414 1700 527 1740 terris
556 1705 689 1751 postea
719 1699 798 1738 sint
825 1705 929 1746 acta,
961 1710 1245 1751 supervacuum
1275 1702 1335 1737 est
1362 1696 1522 1736 referre.

103 1757 209 1798 scitis
239 1758 343 1798 enim
377 1757 543 1809 optime,
584 1768 657 1795 nec
688 1755 907 1806 periculum
939 1761 998 1795 est
1028 1767 1077 1794 ne
1108 1754 1287 1794 excidant
1315 1752 1528 1792 memoriae

104 1826 201 1866 quae
231 1814 413 1866 gaudium
436 1813 637 1865 publicum
658 1812 919 1864 impresserit:
953 1824 1069 1851 nemo
1090 1811 1284 1851 felicitatis
1312 1821 1404 1850 suae
1426 1808 1527 1849 obli-

102 1870 274 1910 viscitur.
316 1871 356 1909 in
379 1871 486 1909 caelo
518 1881 617 1921 quae
637 1875 721 1907 acta
746 1868 844 1914 sint,
874 1868 1022 1907 audite:
1052 1868 1148 1908 fides
1174 1879 1298 1920 penes
1326 1871 1526 1905 auctorem

104 1927 188 1967 erit.
231 1927 435 1966 nuntiatur
455 1926 531 1965 lovi
564 1925 717 1965 venisse
739 1925 934 1976 quendam
964 1924 1091 1964 bonae
1119 1930 1310 1971 staturae,
1340 1922 1442 1962 bene
1463 1935 1528 1962 ca-

104 1994 220 2030 num;
246 1983 380 2023 nescio
401 1983 494 2034 quid
517 1982 624 2022 illum
648 1982 800 2028 minari,
823 1981 976 2021 assidue
997 1981 1102 2021 enim
1123 1986 1241 2033 caput
1260 1991 1437 2027 movere;
1460 1992 1528 2032 pe-

103 2041 190 2079 dem
212 2040 390 2079 dextrum
408 2040 576 2078 trahere.
613 2039 808 2090 quaesisse
829 2050 883 2085 se,
905 2038 1016 2078 cuius
1034 2037 1204 2077 nationis
1220 2043 1340 2077 esset:
1363 2048 1528 2088 respon-

103 2096 205 2136 disse
226 2096 359 2136 nescio
391 2096 482 2147 quid
506 2093 735 2147 perturbato
757 2107 856 2134 sono
886 2100 925 2134 et
944 2106 1038 2134 voce
1061 2095 1242 2142 confusa3
1273 2105 1353 2133 non
1375 2092 1528 2132 intelle-

102 2165 194 2204 gere
216 2165 257 2192 se
279 2153 452 2204 linguam
471 2153 568 2200 eius,
592 2164 665 2191 nec
683 2151 873 2191 Graecum
897 2163 980 2190 esse
997 2163 1071 2190 nec
1087 2150 1306 2190 Romanum
1325 2161 1398 2188 nec
1413 2149 1530 2189 ullius

104 2210 232 2261 gentis
262 2216 387 2248 notae.
432 2216 513 2248 tum
538 2208 711 2260 luppiter
733 2207 962 2249 Herculem.
993 2208 1060 2259 qui
1088 2213 1212 2247 totum
1242 2206 1377 2246 orbem
1406 2211 1530 2245 terra-

104 2278 189 2305 rum
211 2272 479 2318 pererraverat
507 2271 546 2304 et
574 2277 691 2304 nosse
719 2263 921 2303 videbatur
947 2276 1085 2303 omnes
1117 2263 1315 2310 nationes,
1344 2261 1453 2302 iubet
1473 2262 1531 2301 ire

105 2329 143 2362 et
159 2322 374 2375 explorare,
398 2333 565 2373 quorum
582 2320 784 2360 hominum
803 2327 918 2360 esset.
949 2327 1030 2360 tum
1049 2320 1237 2360 Hercules
1252 2320 1379 2372 primo
1395 2331 1530 2371 aspec—

103 2385 147 2418 tu
167 2391 263 2419 sane
282 2378 534 2431 perturbatus
555 2384 633 2425 est,
665 2384 707 2417 ut
728 2377 794 2428 qui
816 2377 930 2416 etiam
954 2390 1032 2416 non
1063 2377 1193 2416 omnia
1219 2382 1393 2416 monstra
1413 2376 1531 2415 timu·

104 2435 189 2475 erit.
238 2442 282 2475 ut
308 2435 401 2474 vidit
431 2435 519 2474 novi
550 2434 705 2486 generis
735 2433 891 2481 faciem,
924 2434 1122 2474 insolitum
1145 2433 1364 2481 incessum,
1394 2443 1531 2472 vocem

108 2527 199 2557 tam
220 2523 303 2556 vitta
329 2523 523 2576 6311031Ιῖ19
552 2522 704 2555 homines
730 2521 962 2555 Mommsenus
978 2522 989 2565 ΙΙ
1009 2523 1052 2555 20
1075 2532 1281 2566 χαιρονταις
1304 2530 1534 2566 ευφημοιταις

107 2568 202 2602 unde
229 2571 414 2614 χαίροντες
437 2567 678 2612 ευφημοῦντες
706 2567 895 2607 Teuffelius
911 2566 923 2611 ΙΙ
951 2568 993 2601 28
1019 2577 1105 2610 quae
1130 2567 1310 2601 memoriae
1333 2565 1494 2610 gaudium
1518 2563 1531 2607 Ι]

110 2615 153 2648 39
177 2623 245 2647 non
268 2614 394 2655 omnia]
419 2623 506 2646 nova
534 2613 684 2646 Orellim
707 2613 852 2654 (addens
875 2614 982 2645 etiam
1006 2612 1156 2654 iunonia)

1554 1696 1579 1736 01
