1780 2892
202 1054 255 1096 36
270 1055 439 1095 ‘suadeo'
460 1055 588 1106 inquit
607 1053 841 1093 Trimalchio
871 1057 1091 1101 ‘cenemus;
1122 1054 1196 1093 hoc
1227 1059 1286 1093 est
1312 1053 1373 1093 ius
1403 1053 1548 1093 cenae'.
1597 1053 1694 1092 haec

207 2068 260 2108 37

269 151 327 190 24
878 146 1080 181 PETRONII

265 267 358 307 dum
379 265 482 306 enim
503 263 777 316 repositorium
805 261 1011 302 duodecim
1039 261 1207 301 habebat
1234 260 1344 313 signa
1374 261 1414 300 in
1439 260 1534 301 orbe
1554 260 1755 314 dispo-HL
1778 307 1780 311 ¹

267 324 360 371 sita,
389 333 507 374 super
535 332 634 372 quae
663 318 870 372 proprium
899 318 1278 368 convenientemque
1306 318 1489 357 materiae
1517 322 1688 358 structor

266 380 505 431 imposuerat
524 377 673 416 cibum:
705 388 823 428 super
842 375 1002 415 arietem
1022 375 1126 414 cicer
1143 374 1351 414 arietinum
1363 404 1373 422 ‚
1394 386 1514 427 super
1531 379 1687 414 taurum

266 435 436 475 bubulae
456 435 623 473 frustum
635 463 646 482 ‚
667 444 786 485 super
805 431 982 483 geminos
999 430 1200 471 testiculos
1219 442 1264 470 ac
1283 430 1434 479 rienes,
1455 442 1575 483 super
1594 442 1687 471 can-

267 503 376 531 crum
397 502 605 538 coronam,
635 502 754 542 super
773 489 928 528 leonem
950 489 1067 528 ficum
1086 487 1329 535 Africanam,
1359 499 1479 539 super
1498 486 1688 540 virginem
1716 495 1736 528 5

267 547 536 595 steriliculam‚
567 559 687 599 super
715 545 853 585 libram
883 550 1065 585 stateram
1094 544 1135 584 in
1166 543 1277 584 cuius
1297 543 1414 583 altera
1434 550 1545 596 parte
1564 543 1688 584 scrib-

266 604 333 644 lita
354 610 456 651 erat,
485 603 526 643 in
548 603 666 643 altera
686 602 863 655 placenta
877 632 886 650 ‚
914 600 919 655 Ι
946 613 1066 653 super
1085 600 1335 653 scorpionem
1356 600 1587 652 pisciculum
1607 612 1688 640 ma·
1712 599 1744 633 H

266 661 416 710 riuum,
449 657 455 714 Ι
481 671 600 711 super
627 659 866 711 sagittarium
897 658 1133 710 oclopetam,
1173 669 1292 709 super
1325 657 1597 709 capricornum
1625 657 1684 697 lo·
1695 656 1763 698 HL,

268 723 416 757 custam
445 715 656 764 marinam,
687 727 806 767 super
835 715 1036 766 aquarium
1066 726 1264 762 anserem,
1295 726 1414 766 super
1436 714 1564 766 pisces
1592 713 1690 754 duos

267 773 419 813 mullos.
478 773 517 812 in
556 773 682 812 medio
720 778 850 811 autem
887 783 1045 823 caespes
1083 783 1172 810 cum
1211 770 1343 811 herbis
1379 770 1530 811 excisus
1558 770 1687 810 favum
1723 776 1761 812 1⁰

267 828 496 870 sustinebat.
527 827 826 868 circumferebat
838 827 1050 880 Aegyptius
1066 839 1165 880 puer
1180 827 1334 867 clibano
1345 833 1530 879 argenteo
1546 838 1688 879 panem

267 948 382 994 atque
413 942 496 994 ipse
526 942 641 981 etiam
670 940 891 980 taeterrima
919 952 1014 980 voce
1044 939 1091 979 de
1118 940 1398 992 Laserpiciario
1428 940 1547 980 mimo
1570 939 1693 980 canti-

266 1011 357 1039 cum
387 998 560 1038 extorsit.
612 1010 683 1037 nos
712 1003 757 1036 ut
786 997 977 1037 tristiores
1006 997 1052 1036 ad
1085 1002 1161 1036 tam
1191 997 1282 1037 viles
1311 997 1545 1037 accessimus
1572 995 1694 1044 cibos,

268 1117 313 1152 ut
331 1111 446 1159 dixit,
475 1112 521 1151 ad
542 1110 811 1163 symphoniam
838 1115 1023 1161 quattuor
1042 1110 1302 1162 tripudiantes
1321 1115 1608 1162 procurrerunt
1627 1121 1694 1150 su-

268 1168 541 1221 perioremque
561 1172 712 1219 partem
733 1166 953 1218 repositorii
974 1165 1232 1206 abstulerunt.
1281 1179 1359 1218 quo
1388 1167 1490 1206 facto
1520 1165 1694 1206 videmus

268 1225 370 1264 infra
392 1222 556 1279 [scilicet
575 1223 616 1263 in
647 1224 768 1263 altero
794 1220 959 1277 ferculo]
991 1223 1106 1262 altilia
1138 1229 1176 1262 et
1204 1223 1357 1263 sumina
1377 1223 1632 1274 leporemque
1651 1222 1693 1262 in

268 1281 396 1321 medio
418 1280 551 1332 pinnis
566 1279 836 1327 subornatum,
858 1285 901 1319 ut
915 1279 1086 1331 Pegasus
1101 1279 1310 1319 videretur.
1347 1278 1564 1319 notavimus
1580 1279 1695 1320 etiam
1756 1287 1761 1306 ·'=

270 1338 374 1378 circa
393 1337 557 1388 angulos
577 1336 800 1388 repositorii
820 1336 991 1388 Marsyas
1017 1342 1221 1387 quattuor,
1252 1348 1299 1375 ex
1329 1348 1498 1388 quorum
1518 1335 1695 1376 utriculis
1742 1342 1759 1371 L

268 1405 402 1446 garum
432 1393 655 1445 piperatum
676 1392 859 1432 currebat
877 1405 998 1444 super
1022 1393 1168 1445 pisces,
1201 1393 1267 1444 qui
1287 1398 1473 1444 tanquam
1494 1393 1535 1432 in
1558 1393 1696 1445 euripo

268 1451 464 1490 natabant.
523 1449 658 1489 damus
693 1461 829 1489 omnes
863 1449 1043 1501 plausum
1082 1461 1102 1488 a
1139 1449 1281 1488 familia
1318 1449 1519 1502 inceptum
1556 1454 1595 1488 et
1631 1461 1694 1489 res

270 1506 519 1546 electissimas
558 1506 729 1545 ridentes
769 1505 1028 1557 aggredimur.
1094 1518 1174 1545 non
1215 1506 1345 1546 minus
1383 1511 1423 1546 et
1458 1505 1693 1546 Trimalchio

270 1562 459 1603 eiusmodi
479 1561 675 1601 methodio
696 1562 820 1601 laetus
850 1561 999 1613 ‘Carpe’
1030 1562 1171 1613 inquit.
1220 1562 1412 1614 processit
1439 1562 1568 1603 statim
1597 1562 1694 1603 scis-

270 1632 336 1660 sor
366 1625 404 1658 et
433 1619 479 1658 ad
509 1618 783 1671 symphoniam
812 1618 1062 1670 gesticulatus
1092 1619 1142 1658 ita
1171 1619 1353 1659 laceravit
1382 1619 1612 1668 obsonium,
1650 1624 1695 1658 ut

269 1681 428 1728 putares
448 1675 684 1715 essedarium
703 1675 888 1727 hydraule
909 1681 1092 1715 cantante
1113 1687 1301 1727 pugnare.
1347 1675 1552 1727 ingerebat
1571 1674 1694 1715 nihilo

269 1732 400 1771 minus
426 1731 660 1771 Trimalchio
690 1731 903 1771 lentissima
932 1744 1046 1771 voce:
1078 1731 1233 1783 ‘Carpe‚
1266 1731 1414 1784 Carpe'.
1463 1744 1536 1784 ego
1565 1732 1693 1785 suspi-

271 1794 380 1828 catus
409 1787 455 1826 ad
485 1787 652 1838 aliquam
680 1786 941 1827 urbanitatem
959 1788 1104 1828 totiens
1131 1788 1307 1827 iteratam
1327 1800 1462 1828 vocem
1482 1788 1693 1841 pertinere,

270 1857 353 1884 non
394 1843 534 1884 erubui
572 1856 661 1883 eum
701 1843 768 1895 qui
803 1856 921 1896 supra
957 1856 1019 1883 me
1058 1844 1332 1893 accumbebat,
1370 1845 1446 1884 hoc
1475 1845 1602 1897 ipsum
1631 1844 1694 1885 in·
1743 1886 1753 1890 v,

270 1907 484 1951 terrogare.
524 1905 563 1939 at
582 1900 665 1948 ille,
688 1899 755 1951 qui
775 1900 929 1951 saepius
950 1900 1138 1940 eiusmodi
1158 1900 1271 1941 ludos
1291 1907 1550 1953 spectaverat,
1576 1900 1694 1941 ‘vides
1723 1911 1728 1924 ··
1742 1926 1753 1938 t

271 1956 392 1998 illum'
412 1956 540 2008 inquit
562 1956 640 2007 ‘qui
662 1956 869 1996 obsonium
891 1957 1032 2008 carpit:
1063 1956 1210 2008 Carpus
1230 1963 1404 1998 vocatur.
1444 1957 1575 2009 itaque
1595 1969 1695 2010 quo-
1745 2006 1747 2010 Α

272 2014 502 2064 tiescunque
523 2012 616 2052 dicit
637 2012 824 2064 “Carpe''‚
847 2013 982 2052 eodem
1003 2013 1121 2053 verbo
1144 2019 1182 2052 et
1201 2019 1310 2054 vocat
1330 2020 1369 2054 et
1388 2013 1576 2066 imperat'.
1745 2050 1751 2066 ,ἵ

385 2082 466 2109 non
504 2069 615 2121 potui
653 2069 817 2121 amplius
857 2069 1064 2120 quicquam
1095 2075 1271 2121 gustare,
1309 2071 1377 2110 sed
1406 2082 1619 2110 conversus
1647 2070 1696 2110 ad
1739 2069 1750 2105 ἕ

275 2138 384 2173 eum,
405 2131 449 2165 ut
469 2138 584 2177 quam
605 2125 773 2177 plurima
793 2126 1012 2177 exciperem
1025 2156 1035 2174 ,
1056 2126 1173 2177 longe
1194 2138 1393 2167 accersere
1413 2127 1562 2167 fabulas
1582 2127 1695 2180 coepi
1744 2148 1749 2151 Α

274 2181 561 2233 sciscitarique,
582 2194 682 2233 quae
703 2187 805 2222 esset
823 2182 964 2221 mulier
983 2183 1058 2231 illa,
1081 2195 1179 2234 quae
1200 2183 1277 2223 huc
1298 2190 1415 2236 atque
1434 2183 1526 2223 illuc
1547 2183 1695 2224 discur-
1723 2185 1749 2235 7³}

273 2244 388 2278 reret.
429 2238 551 2277 ‘uxor'
576 2237 705 2289 inquit
717 2238 1056 2288 '‘Trimalchionis,
1087 2239 1299 2280 Fortunata
1329 2239 1566 2293 appellatur,
1597 2252 1695 2292 quae
1739 2285 1742 2287 Α

275 2307 455 2334 nummos
485 2294 614 2333 modio
644 2295 814 2334 metitur.
873 2301 912 2334 et
941 2296 1079 2344 modo,
1110 2297 1225 2336 modo
1257 2297 1348 2348 quid
1379 2295 1481 2337 fuit?
1519 2297 1697 2349 ignoscet
1738 2303 1746 2343 ἴ

275 2351 367 2390 mihi
389 2350 527 2403 genius
547 2357 650 2399 tuus,
673 2351 863 2390 noluisses
883 2352 930 2391 de
945 2364 1063 2391 manu
1080 2352 1182 2392 illius
1196 2366 1338 2405 panem
1354 2354 1543 2406 accipere.
1574 2365 1694 2401 nunc,
1730 2351 1746 2399 ξ

278 2419 351 2447 nec
372 2406 464 2459 quid
486 2419 559 2447 nec
581 2419 712 2459 quare,
733 2407 774 2446 in
796 2407 945 2447 caelum
963 2408 1056 2448 abiit
1077 2414 1115 2448 et
1129 2409 1427 2450 Trimalchionis
1447 2415 1607 2463 topanta
1623 2415 1694 2450 est.

391 2552 430 2584 13
455 2554 633 2594 extorquet
655 2551 685 2584 L
725 2552 736 2596 ΙΙ
778 2553 819 2586 20
849 2554 1010 2596 tanquam
1041 2563 1106 2587 om.
1139 2553 1178 2596 L,
1210 2554 1402 2598 quicunque
1433 2554 1550 2598 euripo
1574 2553 1692 2598 llum

277 2598 434 2639 coeptum
457 2596 485 2628 L
502 2595 513 2640 ΙΙ
533 2598 576 2630 24
611 2597 657 2630 ita
693 2597 916 2640 gesticulatus
953 2597 982 2630 L
999 2598 1011 2642 ΙΙ
1030 2599 1072 2631 30
1105 2598 1215 2642 inquit
1238 2599 1334 2633 illum
1358 2599 1477 2644 [11133
1501 2608 1602 2644 quam
1626 2609 1692 2634 om,

274 2639 306 2675 L
322 2640 334 2685 ΙΙ
355 2642 396 2675 36
421 2640 520 2675 modo
545 2652 616 2675 non
639 2643 782 2675 iteravit
806 2642 834 2675 L
851 2642 863 2686 ΙΙ
882 2645 922 2677 37
948 2643 1020 2677 eius
1044 2643 1073 2676 L
1714 2655 1715 2658 ’
