1728 2886
227 177 311 221 214
835 182 1052 218 VARRONIS

879 298 928 338 VI
948 299 1006 350 (2)

136 371 194 405 490
365 376 407 403 se
427 363 699 417 circumspexe
719 370 835 417 atque
857 366 1052 407 invenisse
1073 379 1136 415 se,
1158 380 1248 408 cum
1269 369 1440 410 dormire
1463 374 1658 424 coepisset

225 428 303 461 tani
325 420 461 473 glaber
478 433 596 474 quam
609 421 792 463 Socrates
807 422 925 471 calva,
948 436 1033 464 esse
1054 425 1199 464 factum
1221 426 1384 466 ericium
1400 439 1421 466 e
1437 427 1526 479 pilis
1548 428 1658 478 albis,

225 490 314 518 cum
338 477 572 531 proboscide

872 535 940 576 VII
962 538 1018 588 (3)
1707 575 1709 577 ,

133 609 192 643 491
366 602 530 642 Romam
551 615 754 655 regressus
774 603 828 643 ibi
850 604 947 651 nihil
970 604 1129 653 offendi,
1152 606 1258 657 quod
1279 613 1370 647 ante
1392 620 1521 648 annos
1542 608 1658 661 quin-

227 660 427 712 quaginta,
450 672 538 700 cum
560 660 730 712 primum
751 660 923 700 dormire
945 661 1071 713 coepi,
1093 662 1234 714 reliqui
1694 659 1699 667 ²

847 739 932 779 VIII
955 742 1042 791 (15)

136 814 195 847 492
366 820 412 847 eo
435 813 477 846 ut
496 807 679 847 viaticum
700 820 746 847 ex
765 807 896 848 arcula
917 807 1100 848 adderem
1122 808 1162 848 in
1185 809 1340 863 bulgam

837 887 942 926 VIIII
963 887 1049 938 (18)

131 961 189 995 493
361 954 473 994 acciti
494 966 641 1003 sumus,
663 960 707 994 ut
729 955 1048 1007 depontaremur.
1090 968 1269 997 murmur
1289 957 1332 996 fit
1351 958 1459 998 ferus

869 1034 903 1073 X
924 1035 1010 1086 (19)
1712 1083 1713 1086 ,

131 1109 189 1142 494
363 1102 435 1140 ‘vix
457 1101 597 1141 effatus
619 1101 724 1150 erat’‚
756 1114 844 1142 cum
876 1115 983 1142 more
1013 1103 1206 1143 maiorum
1227 1104 1330 1144 ultro
1361 1105 1536 1145 carnales
1557 1106 1656 1146 arri·
1703 1117 1705 1122 ’

222 1158 350 1212 pium,
372 1158 419 1197 de
439 1164 562 1211 ponte
583 1158 622 1198 in
646 1158 817 1198 Tiberim
841 1159 1054 1200 deturbant

876 1238 926 1278 XI
948 1239 1005 1289 (6)

127 1313 187 1348 495
359 1306 396 1345 in
435 1318 601 1358 quarum
638 1306 766 1346 locum
802 1306 1010 1346 subierunt
1045 1307 1263 1359 inquilinae
1294 1307 1471 1360 impietas
1492 1308 1655 1361 perfidia
1682 1315 1713 1332 4

219 1362 457 1415 impudicitia
1706 1368 1714 1380 ‘'

861 1419 931 1459 XII
952 1422 1011 1470 (7)
1686 1462 1690 1474 ἶ
1715 1471 1717 1473 ‚

128 1492 187 1529 496
360 1499 467 1527 nunc
489 1487 578 1538 quis
600 1493 748 1539 patrem
771 1486 905 1527 decem
929 1499 1126 1526 annorum
1149 1494 1263 1527 natus
1285 1501 1365 1528 non
1389 1489 1505 1528 modo
1527 1490 1655 1530 aufert

219 1543 286 1584 sed
307 1543 407 1583 tollit
428 1567 481 1572 -
505 1544 578 1584 nisi
601 1541 785 1583 veneno?
1699 1545 1701 1550 ’

853 1622 940 1662 XIII
962 1622 1019 1674 (5)

127 1698 185 1734 497
359 1690 426 1731 ubi
448 1698 530 1731 tum
553 1691 708 1731 comitia
729 1690 939 1739 habehant,
961 1690 1014 1730 ibi
1037 1703 1145 1731 nunc
1167 1692 1210 1731 fit
1230 1697 1427 1732 mercatus

842 1770 950 1810 XIIII
972 1770 1031 1820 (9)

125 1845 183 1881 498
355 1838 459 1890 quod
477 1838 582 1890 leges
598 1838 748 1887 iubent,
767 1851 846 1878 non
867 1838 1034 1878 faciunt:
1054 1835 1130 1888 δὸς
1144 1838 1218 1880 καὶ
1235 1837 1342 1893 λαβέ
1356 1839 1470 1879 servit
1485 1839 1648 1880 omnino
1674 1827 1714 1889 ᾖξ’,

858 1917 924 1957 xv
947 1918 1004 1969 (8)
1675 1913 1679 1919 “

125 1994 183 2029 499
357 1986 490 2026 avidus
511 1985 626 2026 iudex
645 1998 758 2026 reum
782 1986 951 2026 ducebat
972 1999 1058 2027 esse
1078 1982 1224 2027 κοινὸν
1242 1980 1398 2041 Ἑρμῆν

836 2064 921 2103 XVI
941 2063 1029 2117 (22)

127 2142 184 2176 500
356 2139 401 2172 ut
422 2133 553 2174 nitens
573 2133 735 2186 pavonis
758 2132 881 2173 collus
903 2133 1000 2172 nihil
1021 2133 1265 2172 extrinsecus
1286 2145 1446 2173 sumens

329 2247 394 2280 490
419 2244 463 2278 Ν.
486 2256 522 2288 p.
549 2246 613 2279 106
638 2244 777 2279 ericium
802 2248 835 2277 et
856 2256 890 2288 p.
906 2246 949 2279 49
976 2244 1152 2288 proboscis
1173 2244 1179 2287 1
1200 2244 1334 2287 galbam
1358 2254 1394 2286 p.
1412 2244 1478 2278 106
1513 2242 1682 2277 calvum*
1711 2238 1716 2270 -ἷ

212 2301 247 2334 p.
273 2292 334 2325 49:
359 2290 545 2324 delendum
571 2289 744 2323 Gemma
774 2292 911 2323 censuit
934 2290 946 2334 ιι
975 2292 1039 2325 491
1066 2289 1110 2324 Ν.
1135 2300 1174 2333 p.
1193 2290 1257 2324 359
1282 2288 1453 2323 offendere
1475 2268 1490 2333 ἡ
1513 2289 1579 2331 492
1602 2288 1648 2323 Ν.
1668 2295 1678 2331 1

211 2347 248 2379 p.
265 2337 327 2371 187
353 2336 456 2380 bulga
477 2334 484 2381 Ι
504 2334 627 2369 addere
645 2335 657 2379 ΙΙ
674 2337 740 2370 493
757 2335 801 2369 Ν.
819 2346 858 2379 p.
874 2337 941 2370 214
957 2345 1115 2370 murmur.
1141 2336 1293 2369 senariis
1309 2335 1438 2368 tribuit
1451 2333 1492 2368 L.
1506 2331 1669 2379 Macae-v

214 2392 276 2414 rus
299 2379 362 2423 (uti
388 2381 661 2425 depontaremur)
691 2381 695 2423 Ι
724 2391 826 2415 verus
850 2383 915 2414 aut
930 2381 1010 2415 ieris
1027 2381 1039 2425 ΙΙ
1057 2382 1124 2415 494
1147 2380 1192 2415 Ν.
1209 2391 1244 2424 p.
1262 2381 1305 2415 86
1330 2379 1482 2413 carnales
1498 2378 1594 2422 quod
1607 2381 1673 2419 inf
1712 2403 1714 2406 >

215 2436 373 2461 casuares
397 2427 522 2460 Iunius
543 2428 697 2460 mutavit
720 2437 798 2459 cum
822 2429 860 2459 in
885 2427 1046 2460 lemmate
1062 2429 1136 2459 tum
1152 2428 1192 2459 in
1208 2425 1468 2459 Varronianis:
1493 2422 1540 2464 ef.
1553 2423 1627 2460 487'

214 2473 281 2505 495
306 2471 351 2506 N.
372 2483 409 2515 p.
425 2473 491 2507 403
509 2472 622 2506 subire
639 2471 651 2516 ΙΙ
669 2473 735 2507 496
750 2470 797 2506 Ν.
815 2483 853 2515 p.
867 2473 934 2507 406
958 2471 1080 2506 tollere
1104 2474 1139 2504 et
1152 2482 1188 2515 p.
1202 2472 1268 2506 422
1292 2468 1412 2505 tollere
1437 2472 1471 2504 et
1493 2465 1624 2505 auferre
1639 2466 1669 2517 ἑξ
1680 2469 1682 2472 ’

214 2517 280 2550 497
305 2516 349 2550 Ν.
371 2528 407 2560 p.
432 2518 498 2552 212
523 2522 691 2551 mercatus
713 2521 747 2551 et
765 2529 801 2561 p.
826 2518 889 2552 431
917 2516 1114 2596 mercatusdu
1132 2518 1196 2551 498
1220 2515 1265 2552 Ν.
1287 2526 1323 2559 p.
1348 2515 1414 2550 502
1439 2512 1540 2549 fervit
1564 2515 1571 2560 Ι
1598 2512 1666 2550 fa-

214 2561 309 2595 ciunt
333 2562 458 2597 faciant
481 2563 561 2597 dos:
584 2565 702 2606 potest
725 2563 796 2596 tale
821 2563 924 2597 colon
948 2564 1079 2596 inter-ci
1105 2564 1170 2595 isse
1194 2567 1231 2595 ut
1255 2561 1320 2605 ipsi
1338 2560 1469 2596 lucrum
1486 2559 1612 2596 faciant

215 2605 317 2640 fervit
341 2608 452 2642 animo
477 2609 589 2642 codem
615 2611 787 2652 optimus,
819 2610 851 2641 si
885 2608 973 2650 fides
1005 2611 1056 2641 est
1086 2605 1338 2649 Quicheratio:
1375 2605 1577 2640 coniecerat
1607 2607 1624 2640 ἰ
1711 2617 1716 2635 2

218 2652 384 2686 oehlemae
399 2654 411 2696 ΙΙ
430 2655 496 2688 499
521 2652 565 2687 Ν.
589 2665 624 2696 p.
650 2654 715 2689 283
742 2653 866 2687 ducere
884 2653 897 2698 ΙΙ
914 2656 979 2688 500
1003 2651 1048 2688 Ν.
1063 2663 1099 2696 p.
1113 2653 1179 2687 200
1204 2651 1312 2687 collus
1333 2651 1338 2697 Ι
1359 2661 1489 2686 umens.
1536 2659 1585 2686 an
1606 2652 1671 2698 my:
1711 2691 1714 2695 ¹

214 2700 414 2741 septenario
441 2699 563 2733 timens
589 2699 797 2733 extrinsecus
820 2699 970 2741 (nullam
993 2697 1203 2741 maculam)?
1640 2697 1674 2718 ·:-
