1728 2886
627 128 813 164 εΑΤιιιΑΕ
1381 126 1434 164 93

56 263 106 281 ,ι,
127 262 147 281 ιι
187 244 242 284 ‘si
282 245 444 285 callidus
482 250 660 297 captator
695 244 984 297 exploratorem
1014 244 1055 283 in
1085 244 1256 284 Africam
1287 242 1437 283 miserit

22 298 31 314 ⁷
59 301 333 352 ndaciumque
370 301 674 353 deprehenderit
716 298 926 341 nostrum?
968 300 1081 352 quid,
1122 300 1154 340 si
1186 301 1303 340 etiam
1333 311 1436 339 mer-

56 358 220 400 nnarius
240 353 454 412 [Eumolpi]
476 356 674 410 praesenti
703 357 886 397 felicitate
917 356 1041 397 lassus
1062 357 1250 397 indicium
1271 357 1318 397 ad
1340 356 1435 396 ami-

26 418 72 451 ’,;
105 414 291 454 detulerit
320 420 522 466 totamque
553 413 740 453 fallaciam
762 414 951 453 invidiosa
971 413 1196 465 proditione
1217 411 1438 453 detexerit?

6 473 150 525 :jope
189 483 327 511 rursus
357 470 586 522 fugiendum
617 470 691 509 erit
720 476 760 509 et
789 469 947 509 tandem
977 475 1198 521 expugnata
1229 476 1439 522 paupertas

2 530 13 561 Τ
40 540 108 568 va
137 527 390 567 mendicitate
421 526 650 566 revocanda.
692 526 744 565 dii
768 527 961 578 deaeque,
993 538 1110 578 quam
1131 527 1231 566 male
1252 532 1311 566 est
1332 532 1439 566 extra

2 580 61 634 ;”’ζ;
80 596 133 624 m
152 583 390 623 viventibus:
423 582 608 634 quicquid
631 589 883 630 meruerunt,
904 595 1061 635 semper
1082 582 1301 634 expectant’

717 653 740 678 *

121 697 224 748 ‘quia
246 696 350 736 nosti
370 708 554 735 venerem
576 701 697 745 tuam,
725 695 950 748 superbiam
972 701 1104 747 captas
1125 695 1340 746 vendisque
1362 707 1443 734 am-

2 757 42 808 3
63 765 160 802 xus,
182 766 263 793 non
286 752 524 793 commodas.
556 765 635 804 quo
658 753 761 792 enim
783 757 965 804 spectant
985 752 1106 791 flexae
1120 752 1276 803 pectine
1293 763 1439 796 comae,

118 809 237 850 facies
266 809 524 849 medicamine
554 810 683 849 attrita
713 815 752 848 et
772 809 976 848 oculorum
999 821 1158 860 quoque
1178 808 1307 848 mollis
1327 814 1441 860 petu-

47 866 141 915 tia,
163 879 242 918 quo
264 866 441 906 incessus
461 872 543 905 arte
565 866 807 918 compositus
829 872 867 905 et
882 878 933 905 ne
947 865 1109 916 vestigia
1126 865 1282 917 quidem
1299 864 1442 917 pedum

61 929 120 963 tra
156 935 384 963 mensuram
422 922 662 970 aberrantia,
704 922 779 962 nisi
814 922 919 973 quod
948 923 1115 961 formam
1146 921 1370 973 prostituis,
1402 928 1445 961 ut

9 975 184 1034 fiendas?
205 979 311 1019 vides
331 991 415 1019 me:
439 991 512 1018 nec
533 979 693 1030 auguria
716 979 805 1018 novi
823 991 898 1018 nec
914 978 1276 1018 mathematicorum
1295 978 1446 1018 caelum

10 1031 153 1091 §aurare
173 1035 302 1084 soleo,
323 1048 370 1075 ex
392 1035 561 1075 vultibus
582 1041 712 1074 tamen
735 1035 940 1074 hominum
961 1047 1092 1074 mores
1113 1034 1274 1086 colligo,
1296 1040 1335 1074 et
1355 1047 1445 1075 cum

4 1091 247 1143 satiantem
279 1092 374 1141 vidi,
407 1091 498 1143 quid
532 1091 677 1143 cogitet
697 1091 790 1131 scio.
833 1091 912 1131 sive
933 1103 1027 1142 ergo
1049 1091 1165 1131 nobis
1183 1091 1319 1131 vendis
1341 1092 1447 1142 quod

11 1146 22 1191 ‘J‘
43 1159 45 1163 ⁴
66 1154 128 1196 to,
149 1155 345 1189 mercator
364 1154 522 1201 paratus
543 1154 620 1197 est,
652 1148 730 1188 sive
753 1148 858 1200 quod
878 1147 1089 1188 humanius
1110 1154 1189 1196 est,
1211 1147 1447 1195 commodas,

39 1251 46 1255 υ
83 1217 128 1245 ce
146 1211 192 1245 ut
211 1205 446 1245 beneficium
468 1205 691 1244 debeamus.
728 1217 817 1244 nam
841 1204 946 1256 quod
967 1217 1122 1245 servum
1142 1211 1181 1244 te
1203 1210 1242 1243 et
1263 1205 1448 1244 humilem

12 1254 170 1326 Quis,
201 1262 384 1302 accendis
413 1262 649 1301 desiderium
679 1261 905 1301 aestuantis.
927 1259 1136 1312 'quaedam
1158 1261 1263 1300 enim
1283 1261 1451 1301 feminae

11 1317 202 1371 'fyrdibus
221 1318 372 1367 calent,
395 1331 469 1358 nec
488 1318 691 1358 libidinem
712 1318 924 1365 concitant,
947 1318 1022 1358 nisi
1044 1324 1111 1357 aut
1131 1329 1264 1358 servos
1283 1317 1453 1358 viderint

16 1379 86 1432 't
112 1381 278 1415 statores
315 1375 430 1415 altius
460 1375 623 1414 cinctos.
664 1375 811 1415 harena
842 1375 935 1414 alias
965 1375 1142 1414 accendit
1173 1380 1240 1414 aut
1269 1375 1453 1426 perfusus

15 1431 179 1490 salvere
199 1431 321 1471 mulio
344 1438 410 1472 aut
430 1432 567 1472 histrio
589 1443 754 1471 scaenae
777 1431 1041 1471 ostentatione
1060 1431 1275 1471 traductus.
1313 1444 1359 1470 ex
1379 1431 1452 1471 hac

37 1486 42 1538 ᾗ
74 1493 115 1529 ta
133 1488 291 1528 domina
312 1495 371 1528 est
390 1501 497 1528 mea:
518 1501 646 1540 usque
666 1488 714 1527 ab
736 1488 935 1527 orchestra
956 1487 1268 1539 quattuordecim
1285 1488 1454 1528 transilit

15 1559 20 1578 ;
45 1543 51 1545 “
79 1545 121 1585 in
143 1551 316 1585 extrema
336 1544 450 1597 plebe
471 1545 623 1596 quaerit
644 1546 749 1596 quod
770 1544 928 1596 diligat.'

134 1602 264 1653 itaque
294 1602 472 1641 oratione
493 1601 741 1641 blandissima
763 1601 905 1653 plenus
925 1600 1048 1652 ‘rogo'
1070 1600 1232 1652 inquam
1249 1601 1455 1652 ‘numquid

74 1686 76 1691 ·
96 1689 106 1707 ,
138 1670 238 1710 quae
268 1670 331 1698 me
351 1665 472 1706 amat,
505 1664 548 1698 tu
569 1671 610 1698 es
620 1656 652 1697 Τ
682 1658 850 1697 multum
873 1657 958 1697 risit
977 1657 1116 1697 ancilla
1138 1663 1227 1709 post
1246 1663 1324 1697 tam
1346 1658 1455 1710 frigi-

19 1711 24 1731 ²
62 1726 116 1755 um
146 1716 303 1754 schema
334 1721 373 1754 et
393 1714 512 1754 ‘nolo'
534 1714 663 1766 inquit
684 1714 769 1754 ‘tihi
799 1720 877 1753 tam
898 1714 1006 1753 valde
1027 1714 1194 1766 placeas.
1236 1725 1308 1765 ego
1329 1714 1456 1754 adhuc

24 1768 69 1804 '²21
99 1783 135 1811 o
157 1783 362 1823 nunquam
383 1771 595 1820 succubui,
624 1783 698 1810 nec
720 1771 794 1810 hoc
816 1770 868 1810 dii
888 1771 1041 1818 sinant,
1063 1776 1106 1809 ut
1126 1770 1328 1822 amplexus
1348 1783 1458 1810 meos

23 1822 69 1890 ᾖ
88 1839 246 1867 crucem
267 1828 429 1867 mittam.
469 1828 638 1867 viderint
655 1833 860 1867 matronae
873 1858 882 1875 ,
914 1839 1013 1878 quae
1034 1826 1278 1878 flagellorum
1298 1827 1458 1880 vestigia

28 1883 278 1934 mculantum
309 1896 381 1935 ego
413 1885 526 1924 etiam
558 1884 590 1924 si
622 1884 763 1924 ancilla
794 1896 901 1932 sum,
934 1895 1136 1935 nunquam
1167 1889 1297 1923 tamen
1321 1884 1397 1924 nisi
1416 1883 1456 1923 in

29 1940 276 1993 equestribus
304 1941 447 1980 sedeo'.
506 1940 638 1980 mirari
671 1941 853 1992 equidem
884 1946 963 1980 tam
1004 1940 1225 1980 discordem
1255 1940 1458 1980 libidinem

28 1997 141 2050 &epi
170 2004 287 2049 atque
317 1998 421 2037 inter
451 2004 626 2038 monstra
647 2009 876 2045 numerare,
907 1996 1013 2048 quod
1034 1996 1173 2036 ancilla
1194 1996 1358 2036 haberet
1378 2009 1460 2036 ma-

30 2056 165 2099 mmae
185 2053 408 2106 superbiam
431 2059 471 2093 et
490 2060 667 2094 matrona
690 2054 854 2093 ancillae
875 2053 1146 2093 humilitatem.

32 2129 61 2148 >
111 2110 119 2164 Ι
143 2110 450 2163 procedentibus
465 2110 607 2150 deinde
623 2111 780 2162 longius
795 2110 891 2150 iocis
907 2110 1038 2162 rogavi
1056 2109 1248 2158 ancillam,
1264 2115 1306 2149 ut
1320 2109 1360 2148 in
1378 2109 1461 2161 pla-

34 2165 177 2214 hnona
207 2166 444 2219 perduceret
473 2167 684 2207 dominam.
725 2167 870 2219 placuit
891 2166 1043 2219 puellae
1064 2166 1286 2206 consilium.
1331 2165 1462 2217 itaque

34 2212 188 2277 &egit
207 2223 321 2264 altius
342 2224 514 2264 tunicam
535 2224 720 2276 flexitque
740 2237 782 2264 se
803 2224 843 2263 in
866 2236 954 2263 eum
976 2223 1207 2275 daphnona,
1236 2222 1302 2273 qui
1324 2222 1463 2262 ambu-

57 2280 70 2333 Jv
90 2278 170 2319 'oni
199 2280 398 2320 haerebat.
440 2293 514 2320 nec
544 2280 607 2320 diu
641 2287 789 2320 morata
820 2280 1018 2320 dominam
1049 2279 1233 2332 producit
1263 2291 1284 2317 e
1305 2279 1464 2319 latebris

52 2387 56 2394 .
111 2336 222 2388 rique
252 2349 341 2377 meo
371 2337 561 2389 applicat,
593 2337 796 2376 mulierem
828 2337 1012 2377 omnibus
1041 2335 1260 2376 simulacris
1280 2336 1463 2375 emenda-

38 2384 189 2452 fierem.
230 2393 334 2432 nulla
365 2406 438 2433 vox
470 2399 528 2434 est
559 2406 658 2445 quae
680 2395 846 2433 formam
868 2393 951 2434 eius
970 2393 1095 2445 possit
1115 2392 1463 2444 comprehendere,

42 2498 81 2578 {A
151 2538 172 2572 8
196 2538 374 2571 adiectum
397 2537 535 2582 Chrysis
565 2537 688 2572 ancilla
714 2537 826 2571 Circes
858 2537 899 2570 ad
933 2536 1142 2580 Polyaenum
1159 2536 1173 2580 ΙΙ
1190 2539 1210 2572 9
1235 2536 1432 2571 commodos
1454 2538 1467 2581 ΙΙ

46 2579 89 2622 n<
109 2583 192 2625 arte]
218 2586 290 2617 tute
308 2583 321 2626 ΙΙ
339 2585 380 2618 15
405 2584 537 2626 cogites
553 2583 566 2627 ΙΙ
586 2585 625 2618 17
653 2582 794 2616 debeam
810 2582 823 2626 ΙΙ
845 2584 885 2617 19
909 2581 1048 2616 libidine
1074 2582 1287 2617 concitantur
1314 2581 1467 2616 Tornae-

41 2626 115 2661 ἄν
131 2625 144 2671 Ι
159 2629 202 2663 20
227 2628 358 2673 aliquas
377 2628 389 2673 ΙΙ
406 2629 447 2662 33
473 2629 558 2662 iocis
583 2638 650 2664 om.
678 2628 704 2660 0
724 2627 730 2671 Ι
752 2627 907 2662 ancillam
932 2638 996 2661 om.
1024 2627 1053 2660 L
1071 2626 1084 2672 ΙΙ
1100 2629 1144 2662 34
1167 2627 1368 2671 produceret
1394 2627 1422 2661 L

1479 695 1557 736 126
