1728 2886
179 155 261 194 220
780 156 1000 192 VARRONIS

450 271 588 323 helops
610 283 740 323 neque
763 277 890 311 ostrea
911 271 975 311 illa
997 284 1136 324 magna
1158 273 1298 313 Baiana

451 328 574 380 quivit
593 328 764 380 palatum
787 329 976 368 suscitare

87 482 145 515 550
317 487 361 514 ac
381 481 422 514 tu
447 475 604 527 quidem
625 482 669 516 ut
688 481 817 516 taceas
838 489 981 517 censeo
994 507 1003 525 ‚
1027 475 1216 528 quoniam
1238 483 1281 516 tu
1303 487 1460 528 quoque
1480 476 1605 517 adhuc

176 532 496 573 adulescentiaris

829 589 882 629 IIl
900 590 957 640 (3)

87 651 144 684 551
314 645 482 698 legendo
504 651 632 686 autem
656 651 694 686 et
714 644 928 686 scribendo
942 646 1057 686 vitam
1080 646 1288 698 procudito

563 770 671 804 ΤΟΥ
695 770 907 804 ΠΑΤΡΟΣ
932 770 1003 804 ΤΟ
1028 770 1232 804 ΠΑῙΔῙΟΝ

682 838 786 882 περὶ
810 833 1110 871 παιδοποιίας

847 906 942 956 I(1)

85 969 144 1002 552
445 974 489 1002 ac
510 962 655 1003 liberos
675 966 818 1015 parare
842 963 905 1002 cui
929 966 1089 1004 necesse
1110 963 1170 1012 sit,

447 1032 527 1059 non
551 1026 608 1059 est
628 1032 797 1068 merum,
821 1032 895 1059 neo
916 1026 957 1060 tu
980 1021 1119 1073 edepol
1140 1020 1232 1072 quid
1254 1019 1413 1060 simulas
1433 1020 1510 1061 tuis

835 1099 870 1138 II
890 1101 948 1152 (2)

85 1160 142 1194 553
314 1167 440 1194 annos
461 1155 604 1196 multos
626 1156 731 1208 quod
752 1169 893 1208 parere
915 1168 958 1196 ea
980 1169 1060 1196 non
1083 1161 1252 1208 poterat,
1275 1156 1479 1197 mulierem
1501 1157 1605 1197 foras

173 1210 331 1251 baetere
352 1211 462 1252 iussit

821 1269 874 1308 Ill
899 1269 955 1321 (3)

85 1330 142 1364 554
314 1337 363 1364 an
387 1325 501 1365 etiam
524 1325 555 1365 si
577 1325 768 1373 audisset,
801 1326 965 1365 reddere
993 1326 1182 1378 potuisset
1202 1325 1386 1366 mulieri?
1425 1327 1604 1367 tetricam

174 1381 292 1421 ducat
312 1382 507 1434 Appulam
530 1382 707 1422 moribus
730 1382 846 1422 bonis

815 1450 887 1489 1111
909 1450 966 1500 (4)

83 1512 140 1545 555
313 1518 434 1558 quare
463 1506 495 1547 si
525 1507 692 1559 diligens
723 1513 782 1547 est
811 1508 855 1546 ad
887 1507 1092 1554 amussim,
1125 1519 1194 1559 per
1223 1519 1285 1547 me
1314 1506 1406 1547 licet
1425 1508 1605 1549 adsumas

172 1561 460 1618 γενεθλιακόν

719 1631 1053 1665 ΤΡΙΚΑΡΑΝΟΣ

85 1705 142 1739 556
315 1699 516 1752 Pompeius
550 1699 709 1739 Crassus
742 1698 882 1739 Caesar
923 1706 998 1739 tres
1028 1701 1107 1739 viri
1135 1711 1237 1739 anno
1274 1700 1381 1740 urbis
1409 1697 1494 1742 694
1522 1698 1604 1751 τὰς

168 1758 319 1812 χρείας
342 1750 547 1811 ἀλλήλοις
569 1750 872 1824 συνῃράνξζον,
901 1758 976 1826 κατέ
995 1769 1064 1804 τις
1084 1749 1229 1798 αὐτῶν
1248 1754 1377 1813 τήνδε
1395 1754 1474 1826 τὴν
1496 1771 1605 1812 συμ-

173 1811 394 1870 φροσύνην
417 1827 690 1880 συγγραφευς
716 1813 928 1868 Ουαρρων
951 1813 1016 1855 ενὶ
1042 1812 1203 1869 βιβλίῳ
1224 1813 1479 1870 περιλαβων
1501 1812 1604 1857 ἐπέ-

171 1877 318 1926 γραψε
344 1874 617 1925 Τρικαρανον

596 1970 874 2006 ΤΡΙΟΔΙΤΗΣ
900 1971 1175 2005 ΤΡΙΠῩΛΙΟΣ

635 2028 740 2072 περὶ
764 2021 923 2070 ἀρετῆς
946 2023 1143 2069 κτήσεως

841 2096 857 2135 Ι
880 2097 937 2147 (5)

82 2159 139 2192 557
442 2155 516 2192 nec
538 2164 727 2193 coruscus
748 2152 875 2193 imber
896 2153 972 2193 alto
995 2152 1131 2192 nubilo
1154 2152 1296 2193 cadens
1317 2152 1462 2194 multus

449 2209 641 2261 grandine
663 2209 885 2261 implicatus
907 2210 994 2250 albo

284 2311 349 2344 549
374 2319 495 2353 magna
522 2312 619 2353 capta
646 2310 766 2354 quivit.
815 2311 1012 2343 emendatio
1036 2310 1171 2343 scilicet
1185 2311 1322 2342 incerta
1338 2309 1351 2353 ΙΙ
1370 2311 1434 2344 550
1448 2309 1494 2344 Ν.
1508 2321 1543 2354 p.
1558 2312 1600 2346 71

170 2355 459 2389 adulescentiaris.
489 2357 572 2401 περὶ
585 2367 726 2401 ευτερια
743 2365 782 2389 ac
800 2359 842 2388 ut
858 2367 904 2389 ex
919 2358 1046 2398 graeci
1062 2356 1161 2388 verbi
1175 2356 1419 2388 terminatione
1439 2365 1478 2389 ac
1487 2358 1604 2399 pom't

170 2412 241 2434 esse
258 2404 374 2434 ortum
395 2401 400 2441 Ι
421 2405 459 2435 ut
477 2401 578 2435 faciat
595 2399 607 2445 ΙΙ
626 2403 688 2435 551
709 2400 753 2436 Ν.
768 2412 804 2444 p.
820 2403 883 2435 156
901 2400 1087 2444 procudere
1105 2399 1300 2444 producere.
1338 2402 1422 2445 περὶ
1443 2411 1602 2447 eunome

282 2447 347 2480 552
361 2445 406 2480 N.
415 2457 453 2489 p.
470 2447 537 2480 344
553 2456 680 2480 merum
699 2446 712 2490 ss
730 2447 795 2481 553
808 2446 852 2480 Ν.
865 2457 900 2490 p.
915 2449 956 2480 77
970 2447 1108 2480 baetere
1129 2447 1134 2489 Ι
1155 2455 1256 2480 sanos
1281 2445 1417 2480 multos.
1467 2448 1603 2480 conieci
1675 2451 1690 2468 -’

168 2501 233 2534 pos
256 2501 363 2525 annos
395 2491 407 2534 ΙΙ
438 2494 504 2526 554
527 2491 572 2525 Ν.
594 2503 628 2534 p.
656 2493 717 2526 181
746 2492 865 2526 tetrica
897 2492 903 2536 1
934 2492 1055 2526 mulier
1079 2491 1218 2526 tetricae
1242 2490 1409 2525 horrentis
1433 2490 1535 2526 ducat
1559 2491 1602 2526 ad
1676 2495 1688 2530 ᾖ,

169 2536 314 2580 appiam.
364 2539 398 2569 et
421 2538 561 2571 tetricae
586 2537 753 2571 horrentis
778 2538 918 2580 quidem
942 2548 959 2570 e
985 2533 1195 2580 Vergiliano
1229 2538 1292 2579 qui
1314 2539 1475 2580 sequitur
1497 2547 1602 2571 ver-su
1684 2547 1689 2553 ·’
1715 2567 1717 2570 ⁴

169 2583 237 2615 huo
261 2581 387 2614 intulit
411 2582 583 2616 librarius
607 2583 838 2626 anticipando
857 2582 869 2626 ΙΙ
888 2584 952 2617 555
977 2582 1022 2617 Ν.
1031 2593 1069 2626 p.
1086 2584 1106 2617 9
1124 2581 1325 2616 examussim
1347 2582 1353 2625 Ι
1373 2581 1431 2615 diu
1448 2592 1532 2625 gens
1548 2585 1602 2618 est
1673 2620 1676 2624 ⁴

284 2628 348 2662 556
373 2627 561 2671 Appianas
586 2630 652 2661 civ.
678 2629 708 2663 b.
733 2628 759 2661 11
783 2631 822 2664 9:
847 2628 1066 2673 Tricipitinus
1092 2626 1339 2672 Symphronius
1361 2631 1466 2661 notae
1495 2627 1565 2663 Pir.

285 2674 348 2706 557
374 2672 515 2706 Nonius
536 2685 570 2717 p.
596 2675 662 2708 208
686 2673 814 2717 grando
