1728 2886
135 227 188 268 63

136 1647 189 1686 64

203 109 256 147 42
824 109 1027 146 PETRONH

316 227 490 266 attonitis
520 226 776 266 admiratione
807 227 997 267 universis
1018 227 1147 268 ‘salvo'
1174 228 1302 279 inquit
1331 234 1411 268 ‘tuo
1441 228 1686 268 sermone’H

203 284 439 323 Trimalchio
462 283 506 323 ‘si
528 295 603 334 qua
624 283 720 324 fides
740 290 817 331 est,
842 291 886 323 ut
906 284 1000 324 mihi
1021 285 1089 337 pili
1110 285 1415 333 inhorruerunt,
1444 285 1535 336 quia
1555 285 1636 325 scio

203 341 441 380 Niceronem
473 340 570 379 nihil
600 353 793 392 nugarum
825 353 1003 380 narrare:
1035 341 1153 380 immo
1184 347 1316 380 certus
1340 347 1399 381 est
1418 348 1457 381 et
1476 342 1637 382 minime

202 397 419 448 linguosus.
449 410 552 436 nam
582 404 621 437 et
650 398 735 449 ipse
764 397 874 438 vobis
903 410 988 437 rem
1016 398 1247 437 horribilem
1283 397 1465 438 narrabo.
1506 399 1639 439 asinus

203 454 243 493 in
283 454 436 505 tegulis.
478 466 566 493 cum
607 455 733 494 adhuc
772 455 975 506 capillatus
1012 467 1158 502 essem,
1197 467 1286 494 nam
1317 467 1338 493 a
1368 467 1492 506 puero
1523 455 1639 495 vitam

204 511 335 550 Chiam
357 511 480 563 gessi,
501 511 630 563 ipsimi
652 512 777 551 nostri
797 512 985 551 delicatus
1005 512 1193 559 decessit,
1224 511 1468 552 mehercules
1487 524 1638 563 marga-

201 568 341 615 ritum,
381 567 552 608 caecitus
591 575 628 607 et
658 569 835 608 omnium
867 581 1089 608 numerum.
1131 581 1220 608 cum
1252 580 1344 619 ergo
1375 568 1485 608 illum
1515 575 1639 608 mater

201 624 348 664 misella
370 625 577 676 plangeret
598 631 636 664 et
656 638 729 665 nos
748 632 831 664 tum
854 620 988 676 plures
1012 626 1051 664 in
1075 625 1313 665 tristimonio
1339 637 1524 673 essemus,
1545 625 1638 666 sub-

202 681 255 721 ito
277 682 419 732 strigae
439 682 598 722 stridere
628 688 867 733 coeperunt3
898 687 1057 734 putares
1078 694 1215 722 canem
1236 682 1412 734 leporem
1441 683 1638 734 persequi.

202 737 442 778 habebamus
462 745 559 778 tunc
579 738 778 777 hominem
802 738 1091 790 Cappadocem,
1122 739 1307 790 longum,
1339 738 1448 778 valde
1469 739 1639 779 audacu-

203 794 284 834 lum
316 802 354 834 et
384 795 451 846 qui
482 794 650 834 valebat:
682 802 837 846 poterat
857 795 996 834 bovem
1018 795 1158 834 iratum
1179 795 1329 835 tollere.
1371 795 1434 835 hic
1454 797 1641 836 audacter

202 851 337 891 stricto
368 852 495 903 gladio
528 859 636 891 extra
666 852 809 892 ostium
840 852 1109 903 procucurrit,
1140 852 1314 892 involuta
1343 852 1500 892 sinistra
1521 865 1639 892 manu

203 908 368 957 curiose,
391 915 430 948 et
449 909 654 948 mulierem
676 916 862 960 tanquam
881 909 958 948 hoc
977 909 1064 948 loco
1083 932 1140 937 —-
1160 909 1307 948 salvum
1329 909 1397 958 sit,
1429 910 1532 961 quod
1555 917 1639 949 tan—

202 978 252 1016 go
273 987 329 993 —
350 965 516 1005 mediam
547 966 709 1005 traiecit.
754 965 932 1005 audimus
961 966 1169 1017 gemitum,
1201 973 1239 1005 et
1268 965 1385 1018 plane
1415 979 1495 1006 non
1526 979 1640 1006 men-

202 1022 293 1070 tiar,
316 1022 420 1074 ipsas
442 1035 522 1062 non
545 1022 721 1062 vidimus.
762 1022 858 1061 baro
880 1029 1007 1062 autem
1030 1029 1165 1062 noster
1185 1022 1426 1062 introversus
1446 1035 1488 1063 se
1509 1023 1640 1074 proie-

203 1079 255 1118 cit
284 1079 323 1118 in
356 1079 519 1127 lectum,
556 1085 594 1118 et
624 1092 768 1131 corpus
797 1084 923 1119 totum
953 1079 1112 1118 lividum
1143 1079 1310 1118 habebat
1339 1079 1450 1130 quasi
1479 1079 1640 1131 flagellis

202 1148 359 1183 caesus,
393 1137 483 1187 quia
505 1136 652 1176 scilicet
672 1136 778 1176 illum
799 1136 982 1187 tetigerat
1001 1136 1099 1175 mala
1121 1148 1273 1175 manus.
1317 1149 1388 1175 nos
1409 1136 1518 1176 cluso
1540 1136 1639 1176 ostio

202 1192 375 1232 redimus
405 1193 546 1232 iterum
578 1193 626 1232 ad
658 1193 850 1240 officium,
882 1193 948 1232 sed
971 1205 1060 1232 cum
1091 1199 1216 1232 mater
1236 1192 1475 1244 amplexaret
1495 1205 1641 1245 corpus

202 1250 270 1289 filii
300 1250 380 1298 sui,
412 1251 536 1301 tangit
566 1257 604 1289 et
633 1250 736 1289 videt
756 1250 1022 1289 manuciolum
1043 1250 1091 1289 de
1112 1250 1337 1289 stramentis
1357 1250 1517 1289 factum.
1558 1263 1638 1290 non

203 1319 272 1346 cor
291 1305 480 1354 habebat,
513 1320 595 1346 non
617 1307 821 1355 intestina,
844 1319 925 1346 non
949 1307 1177 1358 quicquam:
1208 1306 1357 1346 scilicet
1376 1307 1452 1346 iam
1473 1318 1640 1358 puerum

204 1363 346 1415 strigae
376 1363 644 1403 involaverant
674 1371 713 1403 et
741 1370 1034 1415 supposuerant
1063 1363 1371 1403 stramenticium
1400 1371 1641 1403 vavatonem.

203 1431 299 1471 rogo
320 1433 408 1467 vos,
431 1426 587 1472 oportet
608 1420 792 1468 credatis,
813 1426 906 1459 sunt
926 1420 1112 1460 mulieres
1131 1420 1343 1472 plussciae,
1364 1427 1458 1460 sunt
1479 1427 1643 1460 noctur-

206 1489 298 1525 nae,
330 1483 369 1516 et
399 1477 505 1528 quod
534 1489 691 1517 sursum
722 1483 800 1524 est,
831 1477 1016 1516 deorsum
1045 1477 1206 1516 faciunt.
1247 1483 1420 1516 ceterum
1451 1476 1548 1517 baro
1578 1477 1642 1516 ille

204 1533 347 1585 longus
376 1541 465 1585 post
494 1534 570 1573 hoc
600 1535 746 1573 factum
778 1545 980 1583 nunquam
1012 1533 1156 1573 coloris
1185 1533 1246 1573 sui
1276 1533 1371 1582 suit,
1403 1533 1523 1574 immo
1553 1540 1643 1586 post
1699 1591 1702 1593 ,

203 1602 349 1642 paucos
370 1590 452 1630 dies
473 1591 728 1642 phreneticus
752 1589 895 1641 periit'.

317 1646 507 1686 miramur
538 1660 610 1687 nos
640 1653 678 1687 et
709 1647 853 1699 pariter
874 1646 1090 1693 credimus,
1121 1646 1363 1698 osculatique
1383 1658 1556 1688 mensam
1577 1660 1643 1687 ro·

203 1716 339 1755 gamus
369 1704 609 1752 Nocturnas,
642 1710 685 1743 ut
716 1704 796 1744 suis
826 1703 975 1743 sedibus
1006 1716 1048 1742 se
1078 1710 1263 1752 teneant,
1298 1703 1390 1743 dum
1420 1703 1592 1745 redimus
1621 1716 1643 1744 a

201 1772 312 1800 Cena.

317 1880 355 1912 et
375 1885 469 1913 sane
491 1873 565 1912 iam
587 1873 773 1913 lucernae
795 1873 888 1912 mihi
911 1872 1044 1924 plures
1074 1872 1308 1912 videbantur
1327 1873 1464 1913 ardere
1495 1878 1642 1914 totum-

204 1941 280 1981 que
310 1929 524 1969 triclinium
557 1943 642 1970 esse
673 1936 887 1976 mutatum,
918 1941 1008 1968 cum
1031 1929 1267 1969 Trimalchio
1290 1930 1373 1970 ‘tibi
1393 1929 1493 1970 dico’
1515 1930 1646 1982 inquit

205 1986 422 2034 ‘Plocamc,
454 1987 551 2026 nihil
583 1985 747 2026 narras?
781 1986 876 2026 nihil
897 1999 970 2026 nos
991 1984 1223 2026 delectaris?
1255 1994 1293 2026 et
1313 1986 1468 2027 solebas
1487 1987 1644 2028 suavius
1696 2030 1698 2033 ,

205 2056 311 2091 esse,
342 2042 443 2082 belle
474 2043 645 2083 diverbia
675 2043 827 2090 dicere,
858 2043 996 2082 melica
1026 2043 1237 2083 canturire.
1278 2045 1355 2083 heu
1380 2043 1478 2092 heu,
1509 2043 1644 2084 abistis

204 2100 328 2140 dulcis
358 2101 533 2140 caricae'.
576 2100 676 2140 ‘iam’
697 2100 827 2152 inquit
847 2100 910 2139 ille
933 2100 1156 2151 ‘quadrigae
1176 2112 1284 2139 meae
1315 2100 1641 2147 decucurrerunt,
1691 2124 1698 2152 ;

204 2170 251 2196 ex
283 2169 360 2209 quo
393 2157 627 2209 podagricus
657 2159 782 2197 sactus
811 2169 910 2196 sum.
951 2156 1125 2207 alioquin
1156 2169 1246 2196 cum
1267 2169 1393 2197 essem
1411 2156 1641 2198 adulescen-

204 2214 322 2262 tulus,
345 2215 539 2254 cantando
561 2227 687 2266 paene
708 2214 926 2266 phthisicus
947 2214 1072 2253 factus
1093 2225 1192 2253 sum.
1233 2214 1326 2265 quid
1347 2212 1520 2254 saltare?
1550 2214 1643 2266 quid

203 2269 404 2310 diverbia?
426 2271 517 2322 quid
535 2269 805 2311 tonstrinum?
829 2270 985 2322 quando
1002 2281 1137 2333 parem
1155 2269 1273 2310 habui
1292 2270 1366 2311 nisi
1383 2283 1506 2311 unum
1524 2270 1641 2323 Apel-
1692 2281 1693 2284 ’

204 2326 360 2366 letem?’
391 2328 647 2380 appositaque
668 2328 714 2367 ad
736 2341 779 2368 os
799 2339 917 2367 manu
940 2326 1072 2366 nescio
1095 2327 1187 2378 quid
1217 2333 1384 2367 taetrum
1414 2327 1641 2375 exsibilavit,

205 2384 309 2461 quod
330 2391 464 2462 postca
487 2385 678 2425 Graecum
699 2397 782 2424 esse
803 2383 1032 2423 alfii-,mahat

316 2459 337 2518 4
362 2484 428 2518 iam
456 2486 636 2518 lacobsius
652 2484 664 2526 11
685 2486 704 2518 6
732 2484 813 2528 ipim
840 2484 955 2518 mostri
978 2483 991 2528 ΙΙ
1018 2486 1036 2517 ’1
1071 2484 1248 2518 catamitus
1272 2484 1452 2518 Iacobum·
1466 2483 1480 2528 ΙΙ
1501 2486 1641 2527 11p-0

204 2533 291 2563 terat
316 2530 445 2563 delevit
462 2531 577 2564 editor
594 2531 790 2564 Patavium
811 2531 815 2573 Ι
836 2529 950 2563 lovem
967 2528 980 2574 ΙΙ
1001 2531 1043 2564 14
1066 2528 1127 2563 sed
1150 2532 1233 2562 ante
1247 2531 1460 2572 scripseram
1478 2529 1490 2573 [Ι
1511 2530 1551 2564 18
1576 2529 1637 2564 sed
1686 2535 1691 2565 ,⁴

203 2575 283 2609 dum
311 2576 322 2618 ΙΙ
358 2577 396 2610 31
437 2576 551 2609 suavis
588 2585 681 2617 esse,
718 2576 886 2609 canturire
922 2575 1012 2609 belle
1060 2574 1237 2616 deverbia,
1278 2574 1410 2609 adicere
1447 2574 1636 2620 melicum!

204 2622 245 2653 33
270 2620 378 2654 carica
395 2620 408 2665 ΙΙ
428 2622 469 2654 36
495 2621 644 2664 quando]
668 2631 770 2665 quem
794 2621 899 2663 volgo
917 2620 929 2664 ΙῙ
948 2621 990 2654 37
1015 2620 1240 2664 oppositaque

1694 1814 1695 1817 ,
1701 1802 1705 1817 J

1689 1837 1705 1887 25:

1673 1876 1710 2011 ἦ
