1728 2886
191 114 247 152 34
287 107 290 110 '
805 114 1007 150 Pnraouu

199 230 397 283 congessit
418 236 455 269 et
476 242 539 269 eas
560 229 755 279 incendit;
786 231 910 269 factae
938 237 1030 271 sunt
1051 231 1090 272 111
1113 245 1237 272 unum
1258 245 1346 272 aera
1368 233 1626 272 miscellanea.
1643 241 1679 273 Η

203 289 256 328 113
276 301 323 327 ex
344 288 415 326 hac
439 298 561 326 massa
583 287 683 326 fabri
704 287 950 327 sustulerunt
969 294 1008 328 et
1029 290 1208 329 fecerunt
1227 290 1351 329 catilla
1382 297 1420 329 et
1449 289 1626 342 paropsi-

205 345 273 385 des
293 352 326 385 et
346 343 579 384 statuncula.
619 343 675 383 510
692 343 899 384 Corinthea
920 351 1009 384 nata
1030 352 1135 393 sunt,
1157 359 1204 385 ex
1224 346 1409 386 omnibus
1427 346 1468 386 in
1489 357 1625 392 unum,

201 414 275 441 nec
296 402 370 440 hoc
392 413 466 440 1100
486 400 591 440 illud.
633 401 844 452 ignoscetis
864 402 980 448 mihi,
1015 404 1120 454 quod
1140 403 1293 442 dixero:
1316 415 1388 455 ego
1409 403 1511 443 malo
1531 402 1625 442 mihi

201 459 332 505 vitrea,
355 462 460 497 certe
484 470 563 497 non
587 457 710 497 olunt.
752 458 856 509 quod
877 458 908 498 si
932 472 1010 498 non
1033 461 1331 511 frangerentur,
1361 460 1514 500 mallem
1535 459 1630 499 mihi
1658 467 1677 500 5

135 520 184 559 51
203 527 318 567 quam
340 526 502 563 aurum;
536 526 644 553 nunc
674 520 803 554 autem
835 515 921 554 vilia
952 522 1056 556 sunt.
1099 518 1172 556 fuit
1193 523 1321 556 tamen
1355 517 1463 557 saber
1483 517 1551 569 qui
1571 517 1629 556 fe-

202 572 255 612 cit
274 572 444 624 phialam
463 571 622 610 vitream
640 602 649 617 ,
680 583 780 622 quae
804 584 886 611 non
908 573 1172 625 frangebatur.
1213 574 1404 614 admissus
1423 586 1518 626 ergo
1535 573 1630 614 Cae-

201 641 327 669 sarem
350 633 408 668 est
428 640 517 668 cum
537 640 608 667 suo
632 640 816 675 munere,
848 628 989 668 deinde
1020 630 1110 669 fecit
1131 643 1171 670 se
1194 631 1398 683 porrigere
1420 630 1572 671 Caesari
1593 636 1632 669 et

203 686 305 726 illam
337 685 378 724 in
409 685 674 737 pavimentum
707 685 884 736 proiecit.
926 685 1066 726 Caesar
1097 699 1176 726 non
1209 693 1302 739 pote
1322 687 1483 727 validius
1513 699 1628 739 quam

204 743 367 794 expavit.
409 748 447 780 at
468 742 531 780 ille
561 741 717 781 sustulit
746 741 915 793 phialam
947 742 993 782 de
1027 749 1148 792 terra3
1179 744 1313 783 collisa
1343 750 1426 784 erat
1445 749 1629 795 tanquam
1660 748 1698 782 111

203 811 335 838 vasum
367 809 558 845 aeneum3
590 797 731 837 deinde
761 798 984 838 martiolum
1015 800 1061 839 de
1091 801 1182 840 sinu
1211 801 1376 853 protulit
1406 807 1444 840 et
1463 800 1630 853 phialam

205 856 285 895 otio
316 855 417 895 belle
449 854 629 893 correxit.
670 854 765 909 hoc*
787 856 888 895 facto
919 855 1082 908 putabat
1111 870 1152 896 se
1182 858 1321 898 solium
1352 857 1452 898 Iovis
1482 863 1630 904 tenere,

203 913 341 964 utique
361 917 567 963 postquam
591 910 729 951 Caesar
749 911 802 951 illi
824 912 940 952 dixit:
963 915 1179 965 “numquid
1202 915 1299 954 alius
1320 915 1393 954 scit
1412 915 1514 954 hanc
1534 926 1630 954 con-

205 969 372 1009 dituram
393 966 660 1007 vitreorum?”
702 968 788 1008 vide
808 970 937 1009 modo.
976 976 1181 1023 postquam
1205 971 1370 1023 negavit,
1392 971 1504 1012 iussit
1523 970 1632 1010 illum

207 1026 346 1066 Caesar
377 1025 582 1064 decollari:
615 1024 704 1075 quia
735 1026 862 1069 enim,
892 1026 925 1065 si
955 1027 1094 1066 scitum
1126 1034 1248 1074 esset,
1278 1040 1418 1067 aurum
1447 1041 1520 1081 pro
1550 1027 1632 1066 luto
1688 1026 1705 1051 Ψ

139 1085 192 1125 52
205 1082 452 1122 haberemus.
500 1082 538 1121 in
579 1087 742 1132 argento
781 1082 896 1134 plane
934 1084 1131 1124 studiosus
1161 1097 1260 1124 suni.
1310 1085 1436 1124 1131100
1466 1084 1634 1138 scyphos

206 1139 363 1179 urnales
394 1138 482 1190 plus
512 1138 643 1178 minus
675 1138 727 1178 C:
758 1140 1084 1190 quemadmodum
1117 1141 1332 1181 Cassandra
1364 1142 1506 1181 occidit
1535 1140 1634 1180 filios

205 1209 320 1242 suos,
351 1201 390 1234 et
410 1195 523 1247 pueri
544 1195 688 1234 mortui
709 1196 839 1235 iacent
867 1197 924 1236 sic
953 1203 997 1237 ut
1015 1198 1142 1237 vivere
1164 1205 1290 1250 putes.
1331 1198 1456 1238 1131100
1479 1197 1635 1250 capides

206 1253 256 1301 M,
278 1265 375 1304 quas
396 1252 554 1303 reliquit
583 1258 750 1303 patrono
780 1266 861 1293 meo
892 1254 1120 1303 Mummius,
1151 1255 1220 1294 ubi
1250 1255 1440 1295 Daedalus
1468 1254 1632 1295 Niobam

206 1311 246 1349 in
269 1321 413 1361 equum
436 1309 651 1348 Troianum
671 1309 847 1348 includit.
887 1323 976 1350 nam
1000 1311 1243 1351 Hermerotis
1270 1324 1424 1364 pugnas
1443 1319 1482 1352 et
1502 1312 1635 1352 Petra-

206 1367 269 1406 itis
290 1367 330 1405 in
353 1366 504 1417 poculis
524 1365 670 1412 habeo,
702 1366 833 1405 omnia
862 1368 1105 1419 ponderosa3
1136 1381 1266 1408 meum
1289 1369 1393 1408 enim
1414 1369 1633 1421 intelligere

210 1423 316 1462 nulla
337 1422 504 1474 pecunia
525 1421 678 1461 vendo?

319 1479 416 1518 haec
436 1478 530 1519 dum
550 1479 684 1524 refert,
704 1491 803 1531 puer
824 1480 983 1519 calicem
1004 1481 1182 1532 proiecit.
1213 1482 1258 1520 ad
1282 1494 1398 1533 quem
1418 1482 1635 1534 respiciens
1702 1533 1705 1536 Α

206 1535 441 1575 Trimalchio
463 1534 565 1574 ‘cito’
587 1535 717 1586 inquit
737 1539 787 1575 ‘te
809 1537 936 1588 ipsum
957 1538 1097 1584 caede,
1128 1538 1218 1588 quia
1248 1551 1378 1590 nugax
1398 1538 1464 1578 es’.
1504 1539 1634 1578 statim
1695 1538 1705 1589 j'

207 1605 308 1645 puer
327 1592 495 1632 demisso
509 1591 619 1631 labro
652 1605 776 1631 orare.
817 1599 855 1632 at
875 1593 938 1633 ille
969 1594 1076 1645 ‘quid
1106 1594 1181 1633 me’
1203 1595 1332 1646 inquit
1361 1593 1520 1646 ‘rogas‘?
1549 1601 1636 1635 tan·
1694 1592 1699 1594 ’

209 1662 325 1701 quam
347 1662 419 1701 ego
436 1648 507 1688 tihi
524 1648 710 1689 molestus
725 1650 810 1689 sim.
841 1650 1000 1696 suadeo,
1024 1663 1043 1690 a
1060 1657 1098 1690 tc
1115 1651 1315 1703 impetres,
1338 1664 1388 1691 ne
1409 1653 1461 1692 sis
1482 1651 1636 1704 nugax'.
1696 1674 1705 1693 «ι,

210 1706 365 1746 tandem
398 1718 492 1757 ergo
524 1711 706 1745 exoratus
736 1719 756 1745 a
788 1706 903 1746 nobis
933 1707 1158 1747 missionem
1181 1708 1287 1748 dedit
1315 1721 1454 1760 puero.
1495 1709 1559 1749 ille
1579 1709 1637 1749 di·

209 1763 351 1803 missus
372 1763 472 1802 circa
494 1774 670 1802 mensam
690 1763 940 1815 percucurrit
1696 1770 1699 1777 ⁴

211 1880 251 1915 et
271 1878 426 1927 ‘aquam
448 1875 568 1922 foras,
600 1875 733 1915 vinum
763 1875 881 1915 intro’
902 1876 1079 1916 clamavit
1283 1878 1498 1930 excipimus
1519 1877 1637 1918 urba·
1680 1900 1693 1914 ›,

212 1932 372 1972 1111310111
394 1932 570 1978 meantis,
593 1938 631 1972 et
651 1939 742 1972 ante
763 1945 901 1973 omnes
921 1934 1204 1984 Agamemnon,
1226 1935 1294 1986 qui
1315 1935 1474 1983 sciebat,
1497 1935 1640 1987 quihus
1668 1962 1694 1986 ι-

212 1989 362 2029 111011115
398 1994 648 2028 revocaretur
684 1990 730 2028 ad
769 2001 920 2029 cenam.
979 1996 1154 2030 ceterum
1196 1991 1372 2033 laudatus
1402 1992 1638 2032 Trimalchio

214 2045 375 2085 hilarius
394 2045 493 2084 bibit
514 2051 553 2085 et
582 2046 657 2085 iam
688 2046 797 2086 ebrio
829 2046 1031 2098 proximus
1053 2047 1194 2086 ‘nemo’
1217 2048 1345 2100 inquit
1365 2051 1549 2089 ‘vestrum
1570 2061 1638 2088 ro·
1696 2061 1699 2090 ς

213 2109 277 2154 gat
297 2102 552 2142 Fortunatam
574 2115 722 2149 meam,
744 2109 788 2142 111
807 2101 949 2142 saltet?
979 2104 1126 2143 credite
1144 2105 1262 2158 mihi:
1295 2105 1498 2145 cordacem
1522 2117 1637 2145 nemo
1697 2131 1700 2135 Δ

216 2159 353 2199 melius
373 2158 505 2198 ducit’.

215 2222 331 2267 atque
370 2217 452 2267 ipse
491 2215 632 2255 erectis
670 2228 789 2267 supra
820 2217 990 2256 frontem
1027 2217 1207 2257 manibus
1238 2219 1376 2270 Syrum
1409 2218 1638 2258 histrionem

214 2272 421 2312 exhibebat
437 2273 673 2312 concinente
689 2278 768 2312 tota
786 2273 948 2312 familia:
965 2271 1163 2325 Μάόεια,
1181 2273 1473 2328 Περιμάὸεια.
1490 2281 1530 2315 01
1543 2287 1637 2328 pro-

215 2330 334 2369 disset
349 2330 388 2368 in
411 2329 595 2375 medium,
618 2329 693 2370 nisi
709 2329 920 2370 Fortunata
936 2331 981 2369 ad
998 2343 1134 2372 aurem
1150 2332 1397 2380 accessissem
1419 2328 1487 2387 [et]
1507 2331 1638 2380 credo,
1686 2361 1688 2377 ξ

217 2386 358 2425 dixerit
379 2399 459 2425 non
483 2387 621 2426 decere
650 2386 876 2438 gravitatem
906 2387 990 2427 eius
1019 2393 1095 2426 tam
1128 2388 1293 2428 humiles
1323 2388 1502 2441 ineptias.
1545 2387 1640 2428 nihil

331 2489 350 2520 5
377 2489 466 2519 certe
497 2485 618 2519 nolunt
641 2485 653 2530 ΙΙ
682 2487 701 2520 8
729 2486 808 2519 fecit
833 2487 1039 2530 reporrigere
1057 2486 1070 2531 ΙΙ
1090 2489 1129 2522 12
1155 2488 1286 2521 coleum
1305 2488 1317 2532 ΙΙ
1339 2490 1378 2523 18
1403 2488 1502 2522 5101111
1526 2498 1605 2522 vere
1633 2487 1638 2533 Ι

220 2532 374 2574 capidem
399 2541 483 2574 quas
508 2531 646 2575 reliquit
672 2534 886 2575 patronorum
912 2542 1007 2566 meus
1025 2532 1037 2576 ΙΙ
1055 2534 1096 2567 20
1122 2532 1289 2567 Tetraites
1314 2535 1370 2567 lzic
1391 2534 1580 2577 gladiator
1601 2535 1641 2567 in
1684 2568 1685 2571 ,

219 2579 456 2610 monumentis
479 2581 629 2610 vocatur
653 2577 820 2620 plurimis.
834 2578 847 2622 ΙΙ
866 2579 907 2611 25
933 2578 1067 2612 13111010
1091 2581 1145 2612 at:
1169 2589 1264 2612 orare
1281 2580 1395 2622 coepit
1413 2579 1614 2612 Strelitzim
1628 2579 1640 2622 ΙΙ
1684 2612 1687 2613 ⁷

221 2624 261 2657 27
278 2633 358 2665 ergo
384 2626 590 2665 corruptum
615 2634 660 2655 eoe
674 2633 754 2656 vero
771 2626 835 2656 aut
848 2627 1114 2669 praecesserant
1129 2625 1202 2657 alia
1220 2626 1263 2657 ab
1280 2627 1511 2668 epitomatore
1525 2625 1640 2658 recisa
1682 2633 1688 2675 s
