1728 2886
224 161 277 200 30
839 161 1040 197 PETRONII

222 278 409 318 urceatim
430 276 630 329 plovebat:
662 282 729 316 aut
757 283 853 316 tunc
883 282 949 316 aut
977 288 1202 328 nunquam:
1234 282 1273 316 et
1303 288 1438 318 omnes
1466 276 1647 318 redibant
1698 273 1715 328 ,ἶ

221 335 288 374 udi
309 341 494 386 tanquam
515 345 659 373 mures.
701 333 831 384 itaque
862 332 913 372 dii
944 333 1064 384 pedes
1094 333 1244 373 lanatos
1264 333 1430 383 habent,
1461 335 1551 386 quia
1572 347 1645 375 nos
1692 328 1700 348 ’

220 391 391 443 religiosi
413 403 492 430 non
514 402 660 430 sumus.
701 389 783 441 agri
803 389 944 429 iacent'
965 414 1020 420 —
1694 427 1696 431 .

153 449 205 488 45
334 451 415 486 ‘oro
445 447 496 486 te’
517 447 646 498 inquit
666 446 815 486 Echion
838 446 1090 486 centonarius
1111 445 1262 486 ‘melius
1282 445 1456 497 loquere.
1500 446 1643 486 “modo
1698 488 1702 494 ,

219 504 285 551 sic,
308 504 423 543 modo
445 503 525 543 sic’'
541 503 669 554 inquit
686 503 876 552 rusticus3
897 503 1045 542 varium
1062 515 1225 554 porcum
1246 502 1478 554 perdiderat.
1506 501 1512 555 Ι
1539 503 1642 555 quod
1671 498 1702 548 5-

217 561 332 600 hodie
354 573 433 599 non
453 566 529 608 est,
561 572 646 599 cras
667 560 761 599 erit:
793 559 848 599 sic
867 559 942 598 vita
967 560 1149 599 truditur.
1177 556 1182 614 Ι
1210 572 1291 598 non
1312 558 1554 599 mehercules
1574 571 1642 611 pa·
1695 563 1697 565 '

216 617 288 656 tria
309 617 448 656 melior
468 616 543 656 dici
563 622 703 668 potest,
725 616 757 656 si
777 616 954 655 homines
974 615 1148 656 haberet.
1190 616 1257 655 sed
1278 615 1429 655 laborat
1447 616 1523 656 hoc
1542 621 1642 655 tem·
1694 659 1695 663 ,

148 674 151 677 ’
215 685 333 725 pore,
367 685 439 712 nec
459 673 556 712 haec
577 673 670 712 sola.
711 685 791 711 non
815 672 1002 711 debemus
1023 672 1173 711 delicati
1196 685 1300 721 esse,
1325 671 1472 723 ubique
1491 672 1641 712 medius
1697 699 1699 725 3

215 730 343 770 caelus
364 736 432 770 est.
472 736 514 769 tu
535 729 567 769 si
596 728 715 768 aliubi
735 728 872 776 fueris,
904 728 1007 768 dices
1028 729 1091 767 hic
1111 741 1254 781 porcos
1274 735 1407 768 coctos
1428 728 1638 769 ambulare.
1693 752 1695 754 -

215 793 253 826 et
273 799 364 826 ecce
386 785 557 825 habituri
578 797 712 825 sumus
733 796 877 824 munus
898 785 1112 824 excellente
1140 785 1180 824 in
1201 785 1331 825 triduo
1352 786 1414 825 die
1434 786 1552 835 festa3
1582 785 1639 825 fa-

212 843 317 881 milia
339 855 419 881 non
442 842 646 889 lanisticia,
667 842 734 881 sed
753 841 909 893 plurimi
930 841 1071 880 liberti.
1108 848 1146 881 et
1165 842 1276 882 Titus
1298 847 1433 882 noster
1452 853 1638 894 magnum
1695 847 1700 877 ὲ

212 898 384 938 animum
405 898 523 938 habet
543 904 582 937 et
602 904 661 938 est
681 897 999 938 caldicerebrius:
1032 903 1099 938 aut
1126 898 1201 938 hoe
1221 905 1287 938 aut
1306 898 1399 938 illud
1421 898 1514 947 erit,
1544 898 1638 950 quid
1690 939 1691 942 ,

210 955 359 1006 utique.
402 967 491 994 nam
512 955 566 994 illi
587 954 824 994 domesticus
844 966 952 1002 sum,
985 967 1065 994 non
1088 961 1147 994 est
1175 955 1324 995 miscix.
1366 956 1514 995 serrum
1535 955 1637 1007 opti·
1693 980 1695 982 -

209 1024 317 1051 mum
337 1011 500 1051 daturus
521 1018 599 1059 est,
621 1011 706 1051 sine
726 1011 836 1062 fuga,
859 1011 1081 1050 carnarium
1102 1011 1141 1050 in
1163 1012 1310 1060 medio,
1332 1017 1376 1051 ut
1396 1012 1635 1064 amphithea-

211 1075 313 1107 trum
334 1068 470 1108 videat.
523 1074 562 1107 et
582 1067 699 1107 habet
727 1067 852 1107 unde:
884 1067 1061 1107 relictum
1094 1074 1152 1107 est
1174 1068 1228 1107 illi
1249 1068 1468 1109 sestertium
1491 1068 1636 1108 tricen-
1697 1118 1698 1124 ¹

207 1124 299 1173 ties,
331 1124 496 1164 decessit
515 1124 617 1164 illius
637 1130 748 1176 pater
767 1124 878 1163 male.
928 1130 969 1163 ut
989 1124 1274 1177 quadringenta
1303 1125 1522 1177 impendat,
1554 1137 1635 1164 non

206 1181 350 1221 sentiet
371 1181 651 1233 patrimonium
672 1181 787 1228 illius,
818 1186 856 1219 et
876 1181 1116 1233 sempiterno
1138 1181 1417 1221 nominabitur.
1457 1181 1533 1221 iam
1553 1181 1637 1221 Ma-

207 1237 294 1277 nios
314 1238 462 1289 aliquot
482 1237 598 1277 habet
618 1244 656 1277 et
675 1237 879 1276 mulierem
900 1237 1131 1277 essedariam
1153 1243 1192 1277 et
1212 1238 1521 1291 dispensatorem
1543 1237 1635 1291 Gly-
1688 1247 1697 1294 -

206 1294 335 1342 conis,
367 1294 434 1346 qui
465 1294 734 1346 deprehensus
764 1299 842 1342 est,
873 1306 965 1333 cum
995 1294 1192 1333 dominam
1221 1307 1330 1334 suam
1361 1294 1633 1335 delectaretur.

204 1350 350 1390 videbis
387 1350 523 1402 populi
561 1350 683 1389 rixam
722 1350 826 1389 inter
854 1351 1053 1403 zelotypos
1083 1357 1121 1390 et
1155 1351 1454 1391 amasiunculos.
1513 1351 1633 1403 Glyco
1670 1369 1689 1387 ,-,

204 1413 356 1455 autem,
387 1407 645 1447 sestertiarius
674 1407 813 1455 homo,
841 1406 1149 1458 dispensatorem
1170 1407 1217 1447 ad
1236 1407 1379 1448 bestias
1399 1407 1516 1448 dedit.
1555 1408 1632 1448 hoc

204 1470 262 1503 est
291 1476 332 1503 se
362 1464 491 1515 ipsum
521 1463 738 1503 traducere.
780 1463 871 1514 quid
903 1475 1037 1503 servus
1060 1465 1257 1515 peccavit,
1289 1465 1356 1516 qui
1387 1470 1546 1505 coactus
1575 1470 1633 1505 est

203 1518 363 1559 facere?
399 1520 521 1572 magis
542 1520 605 1559 illa
626 1519 778 1559 matella
799 1520 913 1570 digna
935 1520 1026 1568 fuit,
1059 1533 1174 1572 quam
1197 1527 1331 1561 taurus
1351 1521 1523 1561 iactaret.
1563 1522 1632 1561 sed
1684 1564 1688 1571 .

203 1576 271 1627 qui
292 1576 444 1616 asinum
471 1589 551 1615 non
583 1582 731 1628 potest,
762 1581 926 1616 stratum
956 1576 1092 1616 caedit.
1143 1577 1235 1628 quid
1266 1582 1395 1617 autem
1415 1577 1534 1630 Glyco
1556 1589 1632 1630 pu·
1692 1597 1693 1600 ¹

202 1632 308 1672 tabat
328 1633 587 1684 Hermogenis
608 1633 747 1672 filicem
769 1645 942 1684 unquam
964 1633 1115 1672 bonum
1136 1634 1281 1673 exitum
1303 1632 1520 1674 facturam?
1566 1634 1631 1674 ille
1672 1632 1709 1665 Ρ

201 1689 318 1729 milvo
334 1689 480 1729 volanti
499 1695 654 1741 poterat
675 1701 827 1741 ungues
847 1701 1045 1738 resecare;
1068 1689 1229 1730 colubra
1249 1695 1394 1730 restem
1415 1703 1496 1730 non
1517 1691 1630 1743 parit.
1682 1713 1683 1716 =

202 1746 343 1798 Glyco,
375 1746 496 1798 Glyco
517 1745 623 1785 dedit
652 1758 761 1794 suas;
792 1746 923 1797 itaque
954 1746 1138 1797 quamdiu
1159 1747 1317 1795 vixerit,
1347 1746 1506 1787 habebit
1533 1747 1630 1800 stig·

200 1814 323 1849 mam,
347 1815 421 1842 nec
442 1802 545 1841 illam
567 1802 642 1841 nisi
664 1802 790 1842 Orcus
810 1802 964 1842 delebit.
1005 1803 1072 1842 sed
1094 1802 1167 1842 sibi
1189 1803 1354 1855 quisque
1374 1809 1522 1856 peccat.
1562 1804 1631 1844 sed
1681 1835 1685 1845 2

201 1858 435 1905 subolsacio,
468 1858 573 1910 quod
594 1858 710 1898 nobis
731 1859 890 1910 epulum
912 1859 1073 1899 daturus
1094 1865 1152 1899 est
1172 1859 1382 1900 Mammaea
1395 1890 1404 1908 ‚
1426 1860 1541 1900 binos
1562 1861 1629 1900 de·
1682 1884 1690 1908 η

203 1915 334 1955 narios
354 1915 449 1955 mihi
470 1921 509 1954 et
528 1915 636 1954 meis.
679 1915 781 1966 quod
803 1915 835 1955 si
856 1915 931 1955 hoc
959 1915 1108 1963 fecerit,
1139 1916 1278 1968 eripiat
1297 1916 1482 1956 Norbano
1502 1922 1629 1957 totum
1666 1934 1685 1966 ss

200 1972 382 2011 savorem.
423 1972 521 2012 scias
542 1977 709 2022 oportet,
732 1971 858 2023 plenis
878 1972 970 2011 velis
998 1972 1106 2012 hunc
1135 1973 1383 2012 vinciturum.
1423 1979 1462 2012 et
1481 1985 1628 2023 revera,
1682 1994 1698 2019 ὴ

201 2028 294 2079 quid
324 2028 387 2067 ille
418 2028 532 2068 nobis
566 2028 661 2067 boni
693 2026 812 2068 fecit?
861 2028 967 2068 dedit
1003 2029 1235 2080 gladiatores
1264 2029 1523 2070 sestertiarios
1552 2030 1628 2070 iam
1683 2022 1698 2079 Ῑς

200 2085 441 2136 decrepitos,
473 2097 571 2136 quos
595 2085 627 2124 si
657 2085 871 2132 sufflasses‚
903 2085 1135 2125 cecidissent
1146 2097 1156 2133 ;
1186 2086 1263 2124 iam
1282 2086 1464 2126 meliores
1484 2085 1627 2127 bestia-
1685 2096 1698 2134 j

199 2141 278 2181 rios
299 2141 387 2180 vidi.
428 2141 570 2180 occidit
600 2140 647 2180 de
667 2141 827 2181 lucerna
855 2142 1027 2192 equites,
1056 2148 1214 2194 putares
1235 2155 1302 2182 eos
1322 2143 1444 2194 gallos
1462 2142 1624 2195 gallina·
1677 2190 1679 2194 f

200 2209 310 2245 ceos3
332 2198 429 2238 alter
447 2197 697 2246 burdubasta,
720 2198 816 2237 alter
835 2197 993 2250 loripes,
1015 2198 1210 2238 tertiarius
1227 2205 1405 2239 mortuus
1425 2211 1498 2251 pro
1518 2211 1625 2239 mor·
1684 2247 1686 2249 ,

199 2261 289 2302 tuo,
331 2254 397 2306 qui
426 2253 593 2293 habebat
623 2255 755 2294 nervia
794 2255 980 2305 praecisa.
1039 2267 1142 2295 unus
1172 2256 1334 2296 alicuius
1363 2256 1524 2296 flaturae
1553 2257 1626 2296 fuit
1683 2254 1685 2259 ’

200 2310 373 2358 Thraex,
405 2311 471 2362 qui
502 2318 540 2350 et
569 2311 653 2363 ipse
683 2311 730 2350 ad
760 2311 899 2350 dictata
929 2311 1127 2363 pugnavit.
1177 2312 1222 2351 ad
1244 2324 1456 2362 summam,
1487 2324 1624 2353 omnes

198 2375 333 2419 postea
354 2368 449 2407 secti
469 2373 582 2417 sunt;
612 2368 709 2407 adeo
739 2368 787 2407 de
811 2379 952 2419 magna
981 2368 1094 2407 turba
1125 2368 1355 2408 “adhibete”
1375 2376 1623 2422 acceperant,
1677 2410 1679 2414 ,

197 2423 314 2474 plane
345 2425 459 2476 fugae
489 2435 631 2463 merae.
682 2427 852 2464 “munus
881 2424 1037 2464 tamen’'
1058 2425 1186 2476 inquit
1207 2425 1302 2465 “tibi
1323 2425 1449 2475 dedi’',
1481 2433 1519 2466 et
1548 2437 1621 2478 ego
1670 2472 1671 2475 Ἴ

196 2479 266 2519 tibi
288 2480 418 2532 plodo.
459 2486 662 2532 computa,
694 2488 732 2520 et
761 2479 831 2520 tibi
861 2481 949 2533 plus
979 2481 1028 2521 do
1060 2494 1176 2533 quam
1197 2482 1341 2535 accepi.
1382 2494 1522 2523 manus
1541 2493 1622 2523 ma·
1666 2489 1670 2534 f

313 2617 327 2648 1
357 2614 511 2649 ridebant
534 2618 571 2648 ut
588 2615 634 2649 dii
649 2615 662 2658 ΙΙ
681 2618 699 2649 7
724 2614 877 2655 fortasse
901 2620 1060 2659 saperent
1077 2615 1089 2659 ΙΙ
1109 2617 1149 2650 12
1167 2615 1257 2660 quod
1274 2615 1286 2660 ΙΙ
1306 2617 1348 2651 25
1372 2615 1479 2650 filiam
1504 2617 1619 2651 editor
1671 2619 1690 2655 ἦ,

194 2660 388 2693 patavinus
404 2660 417 2705 ΙΙ
435 2662 476 2694 27
502 2671 581 2694 suos
607 2660 807 2702 Schefferus
822 2660 834 2706 ΙΙ
854 2662 896 2695 36
920 2661 1023 2695 habet
1043 2660 1047 2705 Ι
1069 2665 1216 2696 staturae
1241 2661 1440 2703 Sellefferus
