1728 2886
695 109 884 171 rameii
1394 100 1401 112 ‘
1415 99 1498 150 1‘41

717 225 859 266 XVIIII

225 293 298 334 Hic
319 293 476 345 quando
496 293 703 334 Telethusa
725 294 959 343 circulatrix,

227 362 327 402 quae
349 351 504 390 clunem
525 350 658 390 tunica
679 356 837 401 tegente
858 351 963 391 nulla

226 407 325 446 extis
346 407 474 459 aptius
493 406 687 458 altiusque
708 407 837 454 movit,

225 463 386 503 crisabit
403 462 475 503 tibi
494 462 708 503 fluctuante
727 461 891 502 lumbo?

226 520 322 559 haec
343 520 399 559 sic
421 531 501 559 non
523 519 640 559 modo
654 525 714 566 te,
738 519 889 571 Priape,
910 525 1056 572 posset,
1429 529 1447 559 5

222 576 444 628 privignum
466 587 624 627 quoque
645 576 711 616 sed
733 587 890 615 movere
911 577 1119 616 Phaedrae.

227 743 407 784 Fulmina
428 744 502 784 sub
524 743 612 784 Iove
633 750 738 792 sunt,
759 745 931 797 Neptuni
952 746 1103 786 fuscina
1125 745 1259 795 telum,

279 813 375 841 ense
395 806 538 854 potens
557 801 659 841 Mars
679 807 750 849 est,
772 801 892 850 hasta,
915 802 1102 850 Minerva,
1124 809 1190 842 tua
1212 807 1283 848 est.

229 856 411 898 sutilibus
431 857 550 898 Liber
570 858 777 897 committit
797 859 946 910 proelia
966 859 1122 912 thyrsis,

281 914 406 953 fertur
425 914 628 966 Apollinea
649 915 766 954 missa
786 915 924 965 sagitta
944 927 1077 963 manu,

229 969 408 1010 Herculis
429 976 573 1010 armata
596 977 654 1010 est
673 970 813 1010 invicta
835 970 992 1011 dextera
1013 972 1139 1011 clava:
1431 978 1450 1010 5

279 1032 318 1066 at
337 1039 400 1066 me
422 1026 635 1067 terribilem
655 1027 829 1067 mentula
848 1033 956 1067 tenta
977 1026 1084 1068 facit.'

746 1127 833 1167 XXI

230 1195 349 1247 Copia
370 1206 434 1234 me
455 1194 604 1247 perdit:
625 1202 668 1234 tu
689 1195 808 1235 suffra
817 1207 910 1247 gare
930 1202 1090 1248 rogatus

282 1251 425 1291 indicio
447 1263 522 1291 nec
541 1263 603 1291 me
625 1252 760 1304 prode,
778 1252 930 1304 Priape,
950 1259 1033 1301 tuo,

230 1320 407 1360 quaeque
428 1307 498 1347 tibi
518 1308 632 1360 posui
652 1315 837 1360 tanquam
859 1310 1066 1350 vernacula
1086 1321 1214 1363 poma,

283 1364 331 1404 de
351 1375 461 1404 sacra
482 1364 579 1404 nulli
599 1364 743 1405 dixeris
762 1378 847 1405 esse
867 1365 938 1404 via.

737 1466 843 1506 XXII

233 1532 394 1572 Femina
414 1533 447 1573 si
467 1534 614 1573 furtum
637 1534 752 1574 faciet
774 1534 866 1574 mihi
888 1534 992 1574 virve
1014 1547 1170 1587 puerve,
1241 1587 1244 1590 .

200 1587 203 1590 ’
285 1589 381 1629 haec
402 1601 594 1637 cunnum,
615 1597 733 1643 caput
753 1591 816 1630 hic
837 1591 1036 1643 praebeat,
1058 1591 1121 1631 ille
1140 1597 1262 1632 nates,

731 1691 855 1730 XXIII

231 1757 467 1810 Quicunque
487 1758 552 1798 hic
574 1758 713 1798 violam
735 1771 911 1799 rosamve
934 1766 1068 1812 carpet

231 1814 463 1854 furtivumve
483 1815 596 1855 holus
617 1822 683 1855 aut
703 1816 875 1868 inempta
897 1813 1025 1868 poma,

232 1870 408 1911 defectus
428 1883 634 1923 pueroque
655 1872 878 1924 feminaque

204 1954 206 1956 -
231 1927 304 1967 hac
324 1927 528 1979 tentigine,
550 1940 665 1980 quam
686 1929 822 1969 videtis
841 1929 882 1968 in
903 1940 977 1977 me,

233 1990 448 2036 rumpatur,
470 1997 624 2037 precor,
646 1998 770 2037 usque
790 1985 1041 2036 mentulaque
1433 1993 1453 2024 5

235 2041 474 2092 nequiquam
495 2040 568 2081 sibi
588 2041 718 2094 pulset
739 2041 966 2081 umbilicum

724 2142 865 2198 XXIIII

235 2208 309 2248 Hic
329 2221 392 2249 me
415 2209 617 2249 custodem
636 2209 795 2250 fecundi
815 2195 951 2250 vilicus
972 2210 1073 2250 horti

285 2265 458 2305 mandati
479 2277 611 2306 curam
633 2266 743 2306 iussit
762 2266 908 2307 habere
928 2266 1016 2307 loci.

236 2322 300 2361 fur
318 2316 462 2362 habeas
482 2334 662 2374 poenam,
684 2322 774 2363 licet
794 2323 999 2376 indignere
1021 2322 1248 2375 ‘feram’que

285 2382 462 2430 ‘propter
481 2378 606 2419 holus'
628 2379 733 2419 dicas
753 2379 842 2419 ‘hoc
862 2392 934 2431 ego
946 2378 978 2418 ‘2’
1009 2383 1185 2432 ‘propter
1206 2379 1343 2420 holus'.

197 2520 311 2555 XVIIII
337 2524 352 2556 1
381 2522 557 2566 ecquando
582 2523 746 2566 Scaliger
776 2523 782 2567 Ι
816 2525 835 2558 3
859 2523 965 2557 satius
990 2523 1157 2568 altiusque
1167 2525 1327 2604 ωονεῑιΙ
1348 2526 1367 2558 5
1393 2524 1455 2558 hec
1480 2524 1507 2558 si

86 2567 314 2655 ςέἒῐὲἶφὲεαηι
337 2567 388 2601 sic
412 2568 516 2602 libri.-
540 2568 589 2602 sic
613 2571 649 2602 ut
673 2568 776 2611 volgo
792 2568 805 2612 ΙΙ
823 2568 896 2603 XXI
914 2569 934 2603 2
958 2578 1021 2603 nec
1044 2578 1106 2602 nos
1123 2569 1190 2603 ahi
1206 2568 1219 2614 ΙΙ
1234 2568 1307 2603 XXI
1348 2571 1362 2604 1
1390 2570 1508 2645 virque

24 2330 46 2359 ,ἐξ
54 2339 55 2342 ’

13 2375 15 2378 ⁴
28 2363 50 2394 εἰ

26 2421 50 2459 ³5,

14 2500 75 2703 Ξ

15 2813 32 2823 ’
47 2826 62 2842 ff
