1728 2886
222 140 276 178 88
842 142 1046 178 PETRONll

345 261 401 296 120
420 256 562 308 pallida
583 256 811 309 Tisiphone,
833 259 1070 311 concisaque
1091 259 1253 301 vulnera
1273 264 1436 304 mande:
1666 262 1698 300 b

426 313 472 352 ad
494 312 650 366 Stygios
669 325 805 354 manes
825 315 1018 356 laceratus
1038 316 1197 357 ducitur
1218 318 1363 359 orbis’'.

109 369 187 408 122
491 370 649 409 vixdum
669 370 838 421 finierat,
859 385 949 413 cum
970 373 1126 425 fulgure
1147 381 1263 427 rupta
1285 388 1452 418 corusco

425 426 631 466 intremuit
651 427 779 468 nubes
800 429 994 482 elisosque
1016 431 1181 471 abscidit
1202 432 1326 484 ignes.

424 483 602 523 subsedit
621 490 733 536 pater
752 486 996 535 umbrarum,
1018 489 1248 540 gremioque
1268 489 1432 530 reducto

343 545 400 579 125
420 540 571 580 telluris
590 541 769 592 pavitans
784 543 981 584 fraternos
1001 545 1138 596 palluit
1157 545 1271 586 ictus.

425 597 617 637 continuo
639 598 768 639 clades
788 600 995 640 hominum
1018 609 1260 654 venturaque
1281 602 1422 642 damna

423 654 608 705 auspiciis
628 661 791 706 patuere
812 657 942 696 deum.
988 670 1156 710 namque
1178 672 1246 699 ore
1267 666 1433 700 cruento

422 710 610 750 deformis
631 711 745 750 Titan
767 713 915 752 vultum
939 714 1104 766 caligine
1125 716 1242 755 texit:

423 767 555 807 civiles
575 767 678 808 acies
699 768 772 807 iam
794 775 879 809 tum
899 775 1077 822 spectare
1097 777 1270 824 putares.

341 829 396 863 130
415 829 528 875 parte
549 823 621 862 alia
640 824 781 876 plenos
802 826 968 866 extinxit
988 827 1153 880 Cynthia
1172 829 1300 869 vultus

422 886 461 919 et
483 880 612 920 lucem
634 881 773 921 sceleri
795 883 993 923 subduxit.
1035 891 1151 937 rupta
1172 885 1367 925 tonabant

423 936 634 977 verticibus
655 938 773 990 lapsis
792 941 939 980 montis
960 941 1062 992 iuga,
1085 954 1160 981 nec
1179 955 1274 994 vaga
1295 942 1441 995 passim

420 993 583 1033 flumina
602 1006 674 1046 per
695 1001 810 1036 notas
831 996 941 1036 ibant
960 998 1167 1038 morientia
1189 999 1308 1051 ripas.

421 1062 621 1090 armorum
642 1052 810 1104 strepitu
831 1054 982 1093 caelum
1003 1055 1100 1094 furit
1120 1061 1159 1095 et
1178 1056 1271 1095 tuba
1293 1056 1457 1096 Martem

339 1111 394 1146 135
414 1106 609 1147 sideribus
629 1110 858 1149 tremefacta
878 1110 966 1159 ciet,
988 1111 1143 1163 iamque
1163 1113 1288 1152 Aetna
1310 1119 1468 1154 voratur

421 1164 581 1215 ignibus
602 1165 769 1206 insolitis
791 1172 829 1206 et
850 1167 890 1206 in
912 1168 1071 1208 aethera
1092 1169 1255 1208 fulmina
1278 1170 1407 1210 mittit.

420 1233 513 1260 ecce
534 1221 640 1260 inter
660 1223 832 1263 tumulos
853 1230 970 1275 atque
993 1237 1079 1265 ossa
1101 1226 1274 1266 carentia
1294 1226 1421 1267 bustis

418 1277 646 1317 umbrarum
667 1279 786 1319 facies
805 1280 892 1320 diro
912 1281 1080 1322 stridore
1100 1283 1317 1323 minantur.

419 1335 482 1373 fax
503 1335 625 1375 stellis
647 1336 829 1376 comitata
852 1338 963 1378 novis
983 1338 1166 1378 incendia
1187 1340 1307 1388 ducit,

342 1395 399 1429 140
419 1391 718 1444 sanguineoque
739 1405 879 1434 recens
901 1395 1104 1435 descendit
1125 1396 1303 1448 Iuppiter
1323 1396 1462 1437 imbre.

418 1448 516 1487 haec
538 1454 691 1488 ostenta
712 1449 820 1489 brevi
841 1451 954 1490 solvit
970 1452 1078 1491 deus.
1114 1454 1222 1492 exuit
1243 1466 1381 1494 omnes

419 1504 566 1556 quippe
586 1517 717 1545 moras
739 1506 891 1555 Caesar,
911 1508 1185 1561 vindictaeque
1205 1516 1316 1550 actus
1336 1523 1469 1551 amore

418 1560 563 1600 Gallica
584 1562 763 1613 proiecit,
784 1563 909 1603 civilia
930 1565 1088 1605 sustulit
1107 1578 1226 1606 arma.

485 1617 648 1670 Alpibus
668 1619 798 1668 aeriis,
820 1620 887 1659 ubi
910 1620 1027 1661 Graio
1050 1623 1214 1662 numine
1235 1623 1371 1675 pulsae

335 1679 392 1713 145
411 1673 658 1715 descendunt
677 1688 797 1728 rupes
818 1683 857 1716 et
876 1689 918 1717 se
939 1678 1146 1730 patiuntur
1166 1680 1275 1728 adiri,

415 1736 474 1769 est
494 1731 606 1772 locus
626 1732 832 1773 Herculeis
852 1735 929 1774 aris
948 1747 1078 1775 sacer:
1099 1736 1207 1776 hunc
1229 1737 1317 1777 nive
1337 1738 1435 1777 dura

416 1786 562 1827 claudit
581 1789 736 1840 hiemps
757 1802 938 1842 canoque
957 1792 1004 1831 ad
1025 1792 1153 1832 sidera
1175 1794 1319 1834 vertice
1340 1794 1451 1834 tollit.

415 1844 566 1884 caelum
587 1845 697 1884 illinc
718 1846 905 1887 cecidisse
925 1853 1062 1899 putes:
1086 1862 1167 1889 non
1189 1851 1283 1891 solis
1303 1850 1423 1890 adulti

415 1902 654 1942 mansuescit
672 1903 803 1951 radiis,
826 1916 906 1943 non
927 1905 1038 1945 verni
1059 1907 1248 1958 temporis
1268 1919 1375 1955 aura,

334 1963 390 1996 150
409 1957 477 1996 sed
498 1958 621 2008 glacie
643 1966 828 2000 concreta
849 1961 980 2012 rigent
1000 1962 1218 2015 hiemisque
1238 1963 1411 2016 pruinis:

414 2019 542 2053 totum
563 2015 665 2054 ferre
688 2022 822 2068 potest
841 2018 988 2058 umeris
1009 2019 1285 2060 minitantibus
1306 2020 1457 2060 orbem.

414 2070 509 2111 haec
530 2071 597 2111 ubi
619 2072 779 2112 calcavit
799 2073 939 2114 Caesar
958 2074 1046 2127 iuga
1068 2076 1190 2116 milite
1213 2077 1314 2117 laeto

411 2128 637 2180 optavitque
658 2129 803 2178 locum,
823 2143 978 2170 summo
998 2132 1047 2172 de
1066 2133 1211 2173 vertice
1231 2134 1379 2174 montis

415 2183 628 2236 Hesperiae
649 2198 808 2238 campos
828 2187 905 2227 late
925 2189 1131 2241 prospexit
1151 2196 1190 2230 et
1209 2191 1342 2231 ambas

333 2247 389 2280 155
410 2240 612 2282 intentans
632 2254 722 2282 cum
746 2255 838 2283 voce
860 2256 1002 2285 manus
1021 2246 1067 2285 ad
1090 2246 1218 2286 sidera
1240 2247 1356 2287 dixit:

413 2297 618 2350 “Iuppiter
637 2299 902 2352 omnipotens,
923 2307 962 2341 et
981 2307 1032 2351 te,
1049 2302 1232 2343 Saturnia
1248 2304 1375 2352 telluS‚

411 2355 530 2395 armis
550 2355 648 2395 laeta
668 2356 765 2396 meis
784 2357 957 2409 olimque
979 2366 1138 2399 onerata
1159 2360 1383 2413 triumphiS‚

410 2417 545 2460 testor,
567 2413 613 2452 ad
636 2413 704 2453 has
725 2413 828 2454 acies
849 2414 1013 2454 invitum
1033 2428 1235 2456 accersere
1257 2418 1432 2467 Martem,

1679 2514 1701 2561 Μ’,
1679 2376 1700 2492 dtr-*2³⁶*
1679 2277 1699 2361 'sm-J&
1691 2164 1693 2166 .
1683 2105 1694 2123 ,-

325 2511 387 2544 120
413 2511 654 2556 conscissaque
676 2523 764 2556 pars·
788 2514 961 2548 librorum
979 2514 992 2560 ΙΙ
1034 2517 1098 2550 125
1116 2516 1240 2559 polluit
1257 2517 1269 2561 ΙΙ
1290 2518 1354 2552 128
1379 2517 1530 2552 titubans
1547 2518 1561 2563 Ι
1580 2519 1645 2554 129

205 2554 335 2597 spirare
359 2556 500 2599 (spitare
522 2559 640 2600 primo
663 2559 869 2601 Ber-nensis)
889 2559 902 2604 ss
920 2561 984 2595 138
1008 2561 1155 2595 minatur
1172 2561 1184 2606 ΙΙ
1205 2563 1270 2597 144
1294 2562 1462 2608 ιιοωίιιεΙΙ
1484 2565 1547 2598 148
1570 2563 1643 2598 illic
1668 2574 1679 2583 ⁴

207 2599 337 2634 sedisse
362 2601 390 2635 I.
414 2601 460 2635 F.
487 2601 687 2636 Gronovius
717 2604 722 2647 Ι
755 2604 866 2639 adusti
894 2607 907 2648 u
940 2608 1003 2640 150
1027 2606 1115 2650 riget
1138 2607 1338 2649 Ber-nensis,
1362 2608 1477 2652 rigens
1501 2611 1612 2643 oeten·
1631 2607 1645 2651 Ι
1670 2625 1674 2647 ,³
1696 2617 1701 2639 -ῑ

210 2647 272 2680 151
300 2645 505 2680 immanibus
530 2648 585 2681 vel
608 2649 796 2683 nitentibus
810 2650 1033 2684 Schrader-us
1051 2652 1063 2696 ΙΙ
1081 2653 1144 2687 153
1159 2653 1335 2697 oravitque
1354 2653 1367 2698 ΙΙ
1384 2655 1451 2689 156
1469 2657 1504 2689 tu
1516 2653 1601 2689 Leu
1616 2655 1644 2689 0
