1728 2886
195 131 249 170 52
812 126 1017 162 ΡΕΤΒΟΝΠ

197 259 318 288 cursu
355 245 506 286 centies
543 242 768 283 sestertium
809 240 1100 281 corrotundavi.
1160 241 1289 281 statim
1320 240 1469 280 redemi
1499 239 1644 280 fundos

200 315 361 351 omnes,
384 302 451 354 qui
473 300 630 353 patroni
651 299 728 338 mei
747 300 916 339 fuerant.
957 297 1120 338 aedifico
1142 298 1324 346 domum,
1343 297 1532 337 venalicia
1551 309 1644 337 coe·

201 373 266 401 mo
287 360 479 407 iumenta;
501 355 688 408 quicquid
709 355 932 408 tangebam,
954 355 1156 395 crescebat
1176 360 1363 406 tanquam
1379 353 1502 394 favus.
1533 359 1645 407 post-

201 429 318 469 quam
341 414 454 467 coepi
476 413 566 466 plus
596 413 755 458 habere,
786 424 904 475 quam
935 417 1014 452 tota
1046 412 1171 464 patria
1202 423 1287 451 mea
1317 409 1455 459 habet,
1485 421 1667 451 manum·

202 475 249 513 de
270 472 420 526 tabula:
451 470 590 511 sustuli
612 482 675 510 me
695 470 744 509 de
765 468 1033 520 negotiatione
1054 475 1092 508 et
1113 468 1226 521 coepi
1247 468 1411 507 libertos
1429 467 1647 508 faenerare,
1662 495 1667 515 „

203 536 242 570 et
272 541 368 570 sane
399 527 604 568 nolentem
633 539 696 566 me
719 526 921 590 negotium
951 538 1083 565 meum
1114 537 1231 576 agere
1262 524 1479 564 exhortavit
1497 524 1648 564 mathe-

202 587 386 634 maticus,
418 584 485 637 qui
506 589 667 623 venerat
687 583 818 623 forte
809 595 849 622 ln
871 582 1067 622 coloniam
1090 587 1288 629 nostram,
1319 580 1548 629 Graeculio,
1576 580 1648 620 Se-
1667 587 1669 590 '

204 655 299 695 rapa
319 642 503 688 nomine,
535 640 762 680 consiliator
783 640 959 679 deorum.
1000 639 1065 679 hic
1087 638 1181 678 mihi
1202 638 1298 678 dixit
1318 637 1434 677 etiam
1456 649 1519 687 ea,
1549 647 1667 689 quaes

205 700 348 740 oblitus
369 709 499 746 eram;
530 698 577 737 ab
599 697 680 736 acia
702 702 741 735 et
761 708 832 735 acu
855 695 908 735 mi
930 696 1061 735 omnia
1083 695 1286 747 exposuit3
1316 694 1526 735 intestinas
1542 705 1663 742 meas,

205 761 387 804 noverat,
418 760 570 794 tantum
594 754 699 805 quod
719 752 814 792 mihi
837 764 918 791 non
939 752 1113 801 dixerat,
1145 752 1238 804 quid
1261 751 1387 804 pridie
1407 762 1651 791 cenaveram.

140 814 191 854 77
205 819 383 866 putasses
414 811 522 850 illum
544 822 701 863 semper
722 821 878 849 mecum
898 808 1106 849 habitasse.
1146 821 1265 860 rogo,
1297 807 1480 848 Habinna
1500 831 1556 837 —
1575 820 1667 863 pu·-¹

206 878 270 918 to,
301 867 515 908 interfuisti
535 880 612 906 -·
645 870 713 907 “tu
744 866 946 906 dominam
975 872 1082 906 tuam
1115 866 1162 905 de
1193 866 1314 905 rebus
1333 865 1409 905 illis
1429 865 1568 906 fecisti.
1606 869 1653 904 tu

206 937 346 978 parum
376 924 497 964 felix
489 937 527 963 in
551 924 698 964 amicos
718 935 773 963 es.
815 935 934 963 nemo
957 935 1133 975 unquam
1154 922 1225 962 tibi
1246 933 1381 975 parem
1403 922 1567 974 gratiam
1587 933 1652 961 re-

208 984 294 1022 fert.
350 988 394 1022 tu
425 980 629 1021 latifundia
658 980 849 1032 possides.
899 986 942 1019 tu
972 980 1145 1031 viperam
1176 979 1248 1019 sub
1280 979 1340 1019 ala
1370 978 1570 1019 nutricas’'
1602 982 1654 1027 et,

209 1038 315 1091 quod
335 1037 446 1078 vobis
468 1050 549 1078 non
572 1037 757 1085 dixerim,
790 1043 830 1076 et
850 1049 960 1076 nunc
981 1037 1035 1076 mi
1055 1042 1203 1076 restare
1223 1036 1325 1076 vitae
1346 1047 1474 1076 annos
1493 1035 1668 1088 triginta

210 1102 250 1136 et
270 1107 427 1135 menses
448 1099 633 1146 quattuor
663 1101 702 1133 et
731 1093 814 1133 dies
843 1093 954 1133 duos.
995 1098 1199 1146 praeterea
1228 1093 1306 1133 cito
1328 1092 1515 1145 accipiam
1536 1092 1669 1132 here-

210 1152 381 1192 ditatem.
431 1151 508 1190 hoc
529 1150 625 1190 mihi
655 1151 750 1191 dicit
779 1151 882 1190 fatus
902 1162 1026 1190 meus.
1068 1150 1174 1202 quod
1204 1150 1237 1190 si
1267 1149 1479 1201 contigerit
1508 1148 1657 1192 fundos

209 1208 372 1261 Apuliae
393 1208 578 1260 iungere,
609 1208 701 1248 satis
729 1207 838 1247 vivus
858 1219 1092 1259 pervenero.
1133 1207 1289 1247 interim
1322 1207 1415 1246 dum
1437 1205 1672 1246 Mercurius>

209 1265 361 1317 vigilat,
384 1264 582 1304 aedificavi
602 1265 704 1304 hanc
725 1265 898 1303 domum.
938 1269 982 1303 ut
1002 1264 1130 1312 scitis,
1152 1263 1282 1303 casula
1303 1269 1404 1313 erat;
1426 1274 1535 1303 nunc
1554 1268 1655 1302 tem*
1669 1267 1673 1286 ‘-

212 1322 320 1374 plum
343 1327 414 1361 est.
455 1321 574 1361 habet
595 1326 781 1373 quattuor
802 1321 1052 1368 cenationes,
1082 1320 1262 1360 cubicula
1293 1319 1449 1372 viginti;
1480 1319 1610 1373 portic
1648 1328 1671 1354 3

212 1384 470 1418 marmoratos
500 1378 620 1426 duos,
651 1389 786 1418 susum
818 1378 1092 1426 cenationem,
1132 1377 1359 1417 cubiculum
1390 1377 1431 1416 in
1462 1389 1542 1429 quo
1573 1383 1665 1416 1¹⁸2*

212 1435 386 1483 dormio,
406 1435 563 1487 viperae
583 1408 700 1475 bilius
720 1434 948 1483 sessofium,
971 1434 1118 1474 ostiarii
1139 1434 1276 1474 cellam
1298 1433 1535 1486 perbonam;
1565 1433 1632 1473 ho
1648 1432 1674 1483 ζ

212 1491 353 1544 pitium
383 1491 560 1543 hospites
591 1492 706 1543 capit.
746 1491 806 1530 ad
825 1503 1040 1539 summam,
1081 1491 1254 1531 Scaurus
1291 1503 1381 1530 cum
1421 1490 1500 1531 huc
1537 1489 1671 1539 venius

214 1559 408 1599 nusquam
441 1547 625 1587 mavoluit
655 1547 866 1600 hospitari,
898 1554 937 1587 et
965 1547 1085 1587 habet
1114 1547 1161 1587 ad
1191 1559 1298 1587 mare
1327 1553 1537 1600 paternum
1566 1547 1677 1587 ho&r

214 1604 367 1656 pitium.
409 1610 448 1644 et
476 1605 598 1644 multa
629 1604 702 1644 alia
732 1613 847 1653 sunt,
885 1616 986 1656 quae
1017 1604 1144 1644 statim
1175 1603 1286 1644 vobis
1316 1603 1534 1645 ostendam.
1575 1614 1663 1651 οη,

216 1661 295 1701 dite
315 1661 432 1700 mihi:
465 1673 590 1701 assem
621 1661 786 1709 habeas,
818 1673 946 1701 assem
976 1661 1121 1711 valeas;
1161 1660 1303 1710 habes,
1342 1660 1563 1702 habeberis.
1603 1659 1636 1701 si
1648 1657 1665 1695 ν’

216 1717 365 1757 amicus
403 1724 551 1766 vester,
591 1718 658 1769 qui
689 1718 764 1758 fuit
793 1729 910 1767 rana,
942 1730 1051 1758 nunc
1089 1723 1148 1758 est
1178 1730 1259 1758 rex.
1300 1717 1480 1767 interim,
1512 1717 1663 1764 Sticho

217 1774 353 1826 profer
381 1774 531 1821 vitalia,
563 1774 603 1813 in
635 1774 780 1826 quibus
810 1775 898 1814 volo
920 1787 983 1814 me
1012 1774 1157 1814 efferri.
1198 1775 1333 1826 profer
1353 1780 1392 1814 et
1411 1780 1651 1827 unguentum

218 1836 258 1870 et
278 1842 325 1870 ex
346 1830 410 1870 illa
431 1831 620 1883 amphora
641 1837 813 1883 gustum,
836 1843 884 1870 ex
905 1843 980 1882 qua
1003 1831 1121 1871 iubeo
1141 1830 1258 1870 lavari
1281 1843 1369 1872 ossa
1388 1831 1501 1871 mea'
1654 1851 1656 1854 v

151 1885 204 1928 78
333 1899 414 1927 non
437 1894 497 1927 est
517 1893 694 1927 moratus
714 1887 892 1936 Stichus,
923 1887 992 1928 sed
1023 1893 1062 1927 et
1092 1888 1304 1939 stragulam
1335 1887 1461 1928 albam
1490 1894 1529 1928 et
1548 1899 1653 1968 prass

218 1949 364 1982 textam
385 1943 425 1983 in
447 1944 662 1984 triclinium
685 1943 815 1984 attulit

218 1999 409 2051 iussitque
431 2013 505 2041 nos
526 2007 732 2053 temptare,
754 2012 804 2040 an
826 2000 943 2041 honis
963 2000 1063 2040 lanis
1083 2007 1216 2041 essent
1235 2002 1428 2042 confecta.
1462 2007 1547 2041 tum
1568 2013 1614 2042 su
1628 2020 1661 2038 0..

219 2056 354 2096 ridens
375 2057 473 2097 ‘vide
494 2057 549 2097 tu'
571 2057 701 2109 inquit
723 2057 888 2107 ‘Stiche,
921 2069 972 2097 ne
992 2057 1065 2097 ista
1086 2070 1220 2098 mures
1240 2064 1406 2110 tangant
1425 2065 1494 2098 aut
1512 2058 1649 2100 tineae
1666 2103 1667 2106 Ἴ

220 2113 394 2164 alioquin
435 2119 475 2153 te
512 2114 643 2154 vivum
674 2113 918 2154 comburam.
965 2126 1037 2165 ego
1069 2114 1272 2186 gloriosus
1305 2115 1394 2155 volo
1430 2114 1582 2163 efferri,
1618 2115 1648 2155 u

219 2175 326 2209 totus
356 2170 451 2210 mihi
482 2171 655 2223 populus
683 2170 786 2211 bene
824 2170 1090 2223 imprecetur’.
1150 2171 1279 2211 statim
1310 2171 1520 2225 ampullam
1552 2182 1604 2213 na
1636 2178 1656 2207 νῖ

222 2226 375 2278 aperuit
396 2238 614 2279 omnesque
646 2240 719 2268 nos
748 2228 862 2267 unxit
891 2232 929 2267 et
949 2227 1093 2280 ‘spero'
1114 2227 1245 2280 inquit
1265 2229 1455 2269 ‘futurum
1477 2234 1522 2269 ut
1539 2240 1613 2282 aeq
1639 2250 1654 2259 ’-

221 2295 284 2321 me
315 2289 517 2324 mortuum
539 2284 646 2324 iuvet
664 2289 852 2336 tanquam
882 2283 1036 2324 vivum’.
1079 2297 1170 2324 nam
1199 2286 1335 2325 vinum
1365 2285 1525 2338 quidem
1546 2285 1587 2326 in
1620 2298 1656 2318 ff

223 2339 376 2378 narium
399 2340 512 2411 iussit
532 2341 687 2381 infundi
710 2346 749 2381 et
770 2344 920 2393 ‘putate
940 2341 1021 2381 vos'
1042 2341 1095 2381 ait
1116 2342 1175 2382 ‘ad
1205 2342 1418 2395 parentalia
1449 2354 1540 2383 mea·
1565 2342 1606 2382 in
1649 2338 1658 2362 ·’

222 2400 322 2435 tatos
343 2408 428 2436 esse
444 2426 453 2436 .

341 2497 360 2529 5
387 2506 447 2539 per
470 2496 612 2531 libertos
637 2497 803 2530 Heinsius
831 2496 844 2539 11
872 2498 892 2530 6
917 2497 1055 2531 nolente
1084 2497 1089 2542 1
1111 2498 1265 2531 exoravit
1288 2498 1351 2532 sed
1371 2499 1411 2532 in
1433 2499 1598 2541 margine
1651 2512 1661 2538 ,νς

226 2539 420 2574 exhortavit
437 2541 449 2585 ΙΙ
470 2544 510 2576 10
534 2542 617 2576 mihi
641 2543 805 2576 additum
827 2544 868 2576 in
882 2545 1047 2586 margine
1065 2542 1078 2588 ΙΙ
1096 2544 1137 2577 12
1162 2543 1238 2577 imis
1254 2541 1513 2586 Hirschfeldus,
1530 2543 1607 2588 pusi
1644 2541 1661 2567 f

225 2585 391 2619 Heinsius
408 2586 421 2630 11
442 2588 481 2620 15
506 2587 609 2621 etiam
634 2598 724 2622 nunc
740 2588 891 2622 Iahnius
906 2587 919 2633 ΙΙ
939 2590 980 2623 19
999 2598 1103 2623 cusuc
1128 2591 1200 2622 erat
1217 2588 1230 2632 ΙΙ
1248 2590 1289 2624 21
1316 2589 1530 2649 marmoratis
1553 2588 1643 2627 duee.

224 2630 442 2666 cellationem
458 2631 471 2676 ΙΙ
491 2633 534 2666 24
558 2633 688 2667 mavolt
711 2634 877 2667 Heinsius
1653 2635 1660 2640 '
