1728 2886
708 140 893 175 SATIRAE
1451 140 1503 179 39

4 256 5 283 3
36 258 298 298 &nummum
338 254 383 293 ad
415 265 623 301 summam,
653 254 685 294 si
716 255 808 306 quid
839 255 913 303 vis,
945 268 1017 307 ego
1043 262 1082 295 et
1101 262 1143 294 tu
1162 255 1504 307 sponsiunculam:

4 301 5 309 ¹
82 310 164 358 exi,
203 309 335 349 desero
366 310 546 350 lamnam.
589 311 666 350 iam
697 311 796 351 scies
826 318 976 363 patrem
1006 318 1117 352 tuum
1148 312 1344 352 mercedes
1374 313 1504 364 perdi-

82 366 204 413 disse,
228 368 402 418 quamvis
422 373 461 406 et
479 367 710 406 rhetoricam
732 368 820 407 scis.
861 381 951 407 ecce

194 424 287 474 “qui
309 424 355 463 de
377 423 491 463 nobis
510 423 626 474 longe
646 423 759 463 venio
772 453 781 471 ,
810 424 883 463 late
903 423 1047 463 venio?
1077 424 1181 463 solve
1201 424 1302 464 me.’'

4 476 5 507 ἶ
32 487 56 520 5
81 479 206 520 dicam
237 479 326 527 tibi,
358 479 424 531 qui
453 480 499 518 de
524 479 639 531 nohis
659 481 783 519 currit
803 488 841 520 et
860 481 908 520 de
928 481 1014 520 loco
1038 493 1118 519 non
1139 488 1337 530 movetur3
1369 482 1435 533 qui
1457 481 1504 521 de

83 535 197 576 nobis
217 536 357 575 crescit
376 543 415 575 et
434 536 563 575 minor
583 537 637 576 fit.
677 537 821 584 curris,
853 544 1001 589 stupes,
1031 537 1185 588 satagis,
1211 544 1396 588 tanquam
1417 551 1505 578 mus

82 592 122 632 in
152 592 320 632 matella.
360 605 451 644 ergo
482 600 548 632 aut
577 600 662 632 tace
691 600 758 632 aut
786 594 987 633 meliorem
1019 593 1098 632 noli
1122 594 1347 641 molestare,
1379 595 1446 645 qui
1466 602 1504 633 te

83 654 218 688 natum
241 661 319 688 non
340 655 469 701 putat3
501 649 575 690 nisi
596 650 627 690 si
648 662 710 689 me
731 650 876 690 iudicas
896 650 1034 690 a'uulos
1054 650 1202 690 buxeos
1222 662 1379 698 curare,
1406 662 1505 701 quos

82 705 227 745 amicae
256 712 345 745 tuae
375 706 563 747 involasti.
604 706 856 758 Occuponem
887 707 1113 759 propitium.
1152 719 1284 746 eamus
1305 707 1344 746 in
1375 707 1505 746 forum

34 770 54 802 0
82 768 122 801 et
148 762 335 814 pecunias
374 769 611 802 mutuemur.
670 762 744 802 iam
780 764 881 803 scies
919 763 994 803 hoc
1025 764 1173 803 ferrum
1203 763 1317 802 fidem
1348 763 1505 803 habere.

84 818 172 866 vah,
202 818 301 858 bella
330 831 393 858 res
422 826 480 858 est
500 819 622 871 volpis
643 819 728 859 uda.
767 820 817 858 ita
837 820 990 859 lucrum
1010 820 1148 859 faciam
1169 827 1208 859 et
1226 821 1277 859 ita
1298 819 1399 860 hene
1420 833 1505 859 mo-

81 874 159 914 riar
178 881 244 913 aut
263 875 433 926 populus
452 888 523 926 per
543 876 686 915 exitum
707 889 839 915 meum
859 877 972 924 iuret,
995 877 1069 916 nisi
1088 883 1127 916 te
1147 876 1292 928 ubique
1310 883 1399 928 toga
1415 889 1505 928 per-

82 942 190 970 versa
211 932 322 969 suero
343 938 583 982 persecutus.
624 932 722 971 bella
744 944 807 972 res
827 940 865 971 et
885 934 980 979 iste,
1001 933 1067 984 qui
1088 941 1125 972 te
1148 933 1242 972 haec
1263 934 1396 980 docet,
1418 946 1504 972 mu-

81 986 190 1034 frius,
211 999 291 1026 non
313 987 508 1038 magister.
539 1000 608 1028 nos
627 988 843 1036 didicimus,
864 989 1016 1028 dicebat
1037 990 1143 1028 enim
1163 990 1365 1040 magister:
1387 994 1507 1030 “sunt

12 1049 52 1083 15
79 1049 202 1084 vestra
220 1042 350 1082 salva?
382 1050 486 1083 recta
507 1044 689 1094 domum;
721 1057 830 1092 cave,
851 1045 1163 1097 circumspicias;
1186 1058 1295 1092 cave,
1317 1047 1503 1086 maiorem

4 1102 6 1108 '
83 1099 297 1139 maledicas.
344 1107 410 1139 aut
441 1112 601 1140 numera
631 1102 811 1152 mapalia:
849 1114 965 1141 nemo
995 1102 1185 1154 dupondii
1215 1102 1377 1142 evadit.’'
1418 1115 1503 1154 ego,

81 1156 186 1207 quod
204 1168 265 1196 me
285 1156 340 1196 sic
361 1157 476 1204 vides,
498 1164 662 1210 propter
681 1158 887 1198 artificium
911 1171 1040 1198 meum
1061 1159 1134 1198 diis
1153 1159 1295 1210 gratias
1315 1158 1413 1211 ag0.’

193 1220 375 1264 coeperat
396 1214 572 1265 Ascyltos
600 1214 840 1266 respondere
865 1215 1061 1264 convicio,
1093 1216 1158 1255 sed
1181 1215 1414 1255 Trimalchio
1436 1216 1503 1255 de—
1519 1215 1571 1255 59

3 1303 5 1316 ,
82 1268 244 1309 lectatus
272 1270 462 1309 colliberti
493 1270 714 1321 eloquentia
735 1272 861 1322 ‘agite'
883 1272 1012 1323 inquit
1035 1272 1256 1312 ‘scordalias
1285 1273 1332 1312 de
1362 1273 1503 1312 medio.

3 1333 46 1359 ¹·-1
79 1324 246 1365 suaviter
274 1326 323 1365 sit
351 1326 503 1378 potius,
534 1334 573 1366 et
592 1334 654 1374 tu,
676 1327 906 1375 Hermen-os,
932 1341 1048 1380 parce
1068 1329 1374 1369 adulescentulo.
1414 1342 1503 1369 san·

2 1385 186 1433 Inguen
215 1381 270 1421 illi
299 1383 441 1430 fervet,
471 1390 513 1422 tu
532 1383 671 1423 melior
690 1391 785 1424 esto.
813 1384 819 1437 Ι
845 1397 1000 1437 semper
1019 1386 1059 1425 in
1081 1385 1153 1424 hac
1174 1398 1216 1425 re
1238 1386 1304 1436 qui
1324 1386 1506 1435 vincitur,

2 1479 3 1482 ,
42 1441 76 1474 H
84 1437 211 1478 vincit.
238 1437 243 1489 Ι
271 1445 309 1478 et
327 1445 367 1478 tu
390 1451 480 1478 cum
500 1451 605 1480 esses
626 1452 736 1492 capo,
758 1453 973 1488 cocococo,
994 1449 1110 1493 atque
1131 1455 1200 1482 cor
1221 1455 1300 1482 non
1322 1442 1504 1482 habebas.

3 1501 6 1507 ⁴
82 1493 203 1534 simus
231 1507 346 1547 ergo,
377 1495 481 1546 quod
510 1496 650 1536 melius
679 1504 756 1542 est,
787 1509 807 1536 a
836 1498 1017 1548 primitiis
1047 1498 1188 1538 hilares
1209 1505 1246 1537 et
1267 1499 1506 1539 Homeristas

3 1580 5 1586 .
82 1551 328 1602 spectemus'.
386 1552 542 1592 intravit
581 1553 695 1592 factio
732 1554 861 1593 statim
898 1554 1094 1606 hastisque
1124 1562 1234 1595 scuta
1262 1556 1505 1607 concrepuit.

3 1613 54 1645 ὃ
82 1606 165 1658 ipse
183 1606 416 1647 Trimalchio
443 1608 484 1647 in
505 1608 664 1661 pulvino
686 1610 884 1658 consedit,
915 1618 954 1649 et
973 1623 1062 1650 cum
1085 1611 1327 1651 Homeristae
1349 1611 1506 1652 Graecis

82 1661 260 1703 versibus
288 1663 627 1715 colloquerentur,
658 1671 702 1705 ut
730 1666 946 1706 insolenter
975 1667 1123 1713 solent,
1155 1668 1216 1707 ille
1248 1680 1392 1708 canora
1412 1681 1506 1708 voce

83 1718 219 1758 Latine
248 1719 401 1771 legebat
430 1720 585 1761 librum.
626 1734 715 1761 mox
744 1723 899 1762 silentio
930 1724 1031 1763 sacto
1063 1724 1192 1764 ‘scitis’
1218 1724 1346 1776 inquit
1376 1729 1505 1776 ‘quam

82 1775 248 1815 rabulam
279 1775 424 1828 agant?
481 1778 687 1818 Diomedes
717 1786 755 1817 et
784 1779 1024 1831 Ganymedes
1054 1781 1131 1820 duo
1161 1781 1299 1820 fratres
1332 1783 1505 1821 fuerunt.

82 1831 222 1871 horum
251 1845 364 1872 soror
394 1839 476 1873 erat
505 1834 664 1873 Helena.
705 1837 973 1886 Agamemnon
1003 1836 1105 1876 illam
1136 1838 1264 1889 rapuit
1294 1845 1332 1877 et
1361 1838 1504 1878 Dianae

23 1894 27 1904 ²
80 1899 232 1927 cervam
261 1888 437 1928 subiecit.
477 1890 530 1929 ita
559 1903 666 1930 nunc
687 1891 880 1932 Homeros
909 1892 1020 1942 dicit,
1052 1894 1376 1944 quemadmodum
1402 1895 1506 1935 inter

81 1955 125 1984 se
151 1952 330 1996 pugnent
359 1945 518 1986 Troiani
548 1953 585 1986 et
617 1947 827 1987 Parentini.
885 1949 976 1988 vicit
1003 1950 1153 1990 scilicet
1182 1958 1219 1990 et
1249 1950 1503 2002 Iphigeniam,

80 1999 197 2040 filiam
226 2012 354 2049 suam,
393 2002 531 2042 Achilli
561 2004 665 2043 dedit
692 2016 868 2044 uxorem.
928 2006 978 2044 ob
1010 2019 1094 2045 eam
1124 2019 1205 2046 rem
1237 2008 1330 2046 Aiax
1358 2008 1506 2048 insanit

81 2061 121 2096 et
153 2057 280 2096 statim
318 2066 590 2109 argumentum
631 2060 861 2112 explicabit‘.
919 2062 1016 2102 haec
1052 2070 1094 2102 ut
1133 2064 1228 2103 dixit
1257 2064 1503 2113 Trimalchio,

81 2111 289 2154 clamorem
309 2113 549 2156 Homeristae
578 2117 841 2165 sustulerunt,
873 2118 1055 2170 interque
1076 2121 1258 2160 familiam
1279 2121 1503 2161 discurren-

11 2175 35 2200 4·
77 2174 158 2209 tem
185 2169 326 2210 vitulus
346 2171 386 2210 in
407 2171 518 2212 lance
538 2173 699 2213 donaria
720 2174 843 2214 elixus
864 2175 999 2215 allatus
1020 2183 1098 2224 est,
1129 2184 1168 2216 et
1189 2177 1345 2228 quidem
1375 2178 1503 2229 galea-

79 2230 155 2266 tus.
191 2233 348 2267 secutus
368 2235 426 2268 est
445 2228 538 2268 Aiax
557 2230 772 2282 strictoque
791 2231 939 2281 gladio,
961 2238 1145 2284 tanquam
1166 2234 1376 2282 insaniret,
1408 2247 1504 2274 con-

81 2280 194 2330 cidit,
223 2295 267 2322 ac
296 2284 411 2324 modo
441 2297 551 2326 versa
580 2286 696 2326 modo
727 2287 866 2339 supina
895 2289 1147 2339 gesticulatus
1173 2302 1362 2330 mucrone
1383 2291 1505 2332 frusta

74 2337 234 2390 eollogit
252 2339 559 2394 mirantibusque
578 2343 740 2383 vitulum
761 2344 926 2395 partitus
947 2352 1017 2384 est.

195 2495 214 2528 2
239 2494 314 2528 lina
332 2495 345 2539 ΙΙ
363 2497 382 2529 3
408 2497 478 2530 scio
494 2496 507 2541 ΙΙ
526 2499 547 2531 4
571 2497 707 2541 quidem
731 2499 829 2532 vobis
847 2500 858 2543 ΙΙ
881 2502 915 2534 11
943 2499 1096 2540 fortasse
1120 2511 1167 2542 es,
1192 2501 1304 2546 volpis
1323 2503 1335 2545 ΙΙ
1355 2505 1395 2537 12
1421 2507 1500 2548 toga

82 2536 138 2573 uhi
163 2549 205 2573 ue
231 2539 245 2583 Π
274 2542 315 2574 14
338 2541 424 2574 satin
451 2544 586 2576 conieci
606 2554 672 2585 pro
706 2549 783 2578 sunt
811 2546 823 2586 11
852 2546 893 2579 16
919 2545 1040 2579 evadet
1071 2548 1221 2580 antehac
1254 2549 1466 2591 scripseram
1490 2550 1505 2593 fl

81 2582 123 2618 ³1
178 2586 320 2619 arentini
344 2585 545 2627 Scheffms
563 2588 635 2630 1135
668 2589 805 2623 dunaria
824 2590 836 2633 ΙΙ
855 2591 897 2624 36
929 2593 1108 2624 turbatum
1139 2592 1279 2636 aliquid
1300 2604 1372 2627 esse
1398 2596 1503 2628 omis-

80 2637 156 2662 eun
179 2630 244 2664 Ιιοσ
267 2630 343 2664 loco
367 2631 510 2666 vitulum
535 2637 600 2666 aut
622 2644 698 2668 eum
723 2635 943 2669 demonstrat
