1780 2892
207 162 258 202 10
815 157 1019 196 Pn'rsso'ml

203 278 430 318 meretrices
451 278 584 317 furtim
606 277 831 329 spatiantes.
873 276 1006 324 tarde,
1027 276 1147 315 immo
1168 275 1243 315 iam
1264 286 1351 315 sero
1373 274 1547 315 intellexi
1567 287 1630 315 me
1639 280 1698 315 Lo

204 335 244 374 in
275 335 465 374 fornicem
496 346 580 374 esse
610 333 833 374 deductum.
874 338 1077 373 execratus
1108 332 1238 383 itaque
1264 330 1440 371 aniculae
1470 331 1630 372 insidias

204 391 342 443 operui
373 398 490 443 caput
520 397 559 430 et
588 402 658 442 per
690 389 858 430 medium
889 390 1056 442 lupanar
1084 389 1220 440 fugere
1250 388 1364 439 coepi
1393 387 1433 427 in
1469 388 1630 428 alteram

203 454 376 499 partem,
408 460 495 487 cum
528 459 618 486 ecce
650 447 690 486 in
722 447 807 499 ipso
838 447 944 486 aditu
974 445 1147 486 occurrit
1175 445 1269 484 mihi
1294 456 1418 496 aeque
1439 444 1564 485 lassus
1584 457 1629 485 ac

203 503 376 544 moriens
405 504 600 556 Ascyltos;
639 509 798 555 putares
836 503 884 543 ab
923 503 1057 543 eadem
1099 501 1252 542 anicula
1282 513 1367 541 esse
1404 500 1628 541 deductum.
1657 512 1677 545 5

202 561 332 612 itaque
362 567 405 600 ut
434 561 566 600 ridens
597 571 685 599 eum
710 559 971 608 consalutavi‚
1002 559 1096 611 quid
1116 559 1157 598 in
1178 558 1264 598 loco
1286 563 1365 597 tam
1385 557 1551 598 deformi
1570 558 1628 597 fa-

164 615 189 656 8
205 623 311 657 ceret
331 617 513 668 quaesivi.
549 616 733 656 sudorem
755 617 818 656 ille
839 616 1021 656 manibus
1041 615 1201 655 detersit
1222 620 1260 654 et
1280 613 1326 654 ‘si
1345 613 1478 654 scires'
1499 614 1629 666 inquit

204 677 316 725 ‘quae
346 673 440 712 mihi
471 673 721 713 acciderunt’.
762 672 868 724 ‘quid
900 672 1002 712 novi’
1023 672 1184 723 inquam
1209 676 1294 722 ‘ego
1306 669 1339 710 *Γ
1369 675 1408 710 at
1437 670 1501 710 ille
1531 671 1627 711 defi-

204 730 312 770 ciens
334 732 434 769 ‘cum
467 729 651 769 errarem'
672 729 800 780 inquit
821 733 905 781 ‘per
931 735 1052 768 totam
1084 728 1275 767 civitatem
1302 739 1375 766 nec
1395 727 1626 777 invenirem,

202 799 280 838 quo
311 786 397 825 loco
427 786 620 826 stabulum
643 785 907 836 reliquissem,
938 784 1100 825 accessit
1119 785 1167 824 ad
1187 796 1250 824 me
1270 790 1382 836 pater
1402 784 1568 824 familiae
1589 791 1629 824 et
1658 786 1694 827 io

202 843 340 882 ducem
367 854 409 882 se
439 842 590 882 itineris
619 842 899 882 humanissime
930 841 1122 895 promisit.
1163 853 1236 893 per
1265 840 1463 881 anfractus
1484 840 1626 881 deinde

201 898 499 938 obscurissimos
529 911 709 951 egressus
739 899 778 938 in
810 899 918 938 hunc
949 899 1078 938 locum
1109 907 1172 937 me
1191 897 1374 950 perduxit
1393 897 1626 949 prolatoque

199 955 353 1006 peculio
384 955 514 1007 coepit
542 967 681 1006 rogare
712 961 906 1007 stuprum.
934 953 939 1009 Ι
966 955 1042 994 iam
1072 966 1145 1006 pro
1177 954 1271 994 cella
1292 954 1477 993 meretrix
1499 966 1624 994 assem
1640 964 1670 998 L

199 1018 391 1063 exegerat,
419 1010 424 1064 Ι
451 1013 525 1051 iam
558 1011 622 1051 ille
642 1012 737 1051 mihi
758 1012 946 1051 iniecerat
966 1023 1138 1060 manum,
1160 1016 1199 1051 et
1219 1010 1295 1051 nisi
1315 1010 1505 1050 valentior
1525 1011 1622 1051 fuis·
1632 1019 1693 1053 Lo

199 1080 293 1116 sem,
315 1068 506 1108 dedissem
527 1068 687 1120 poenas’
1654 1071 1691 1106 15

901 1139 922 1162 *

307 1180 313 1232 Ι
338 1181 433 1220 adeo
455 1180 600 1232 ubique
622 1193 760 1221 omnes
780 1181 873 1220 mihi
894 1180 1125 1221 videbantur
1144 1187 1343 1221 satureum
1363 1179 1507 1221 bibisse
1636 1189 1666 1223 L

902 1251 924 1276 *

309 1293 454 1333 iunctis
474 1293 620 1334 viribus
641 1293 847 1333 molestum
870 1294 1179 1346 contempsimus

903 1365 925 1388 *

159 1404 184 1444 9
313 1406 421 1457 quasi
452 1418 523 1458 per
554 1406 757 1459 caliginem
779 1407 856 1446 vidi
876 1406 1016 1446 Gitona
1038 1407 1078 1446 in
1101 1407 1302 1460 crepidine
1333 1406 1490 1446 semitae
1511 1412 1620 1446 stan-

197 1468 274 1501 tem
295 1469 334 1501 et
354 1462 393 1501 in
417 1463 586 1502 eundem
606 1463 735 1502 locum
756 1474 818 1502 me
839 1463 1004 1503 conieci.

309 1586 397 1614 cum
429 1587 658 1626 quaererem
681 1576 869 1628 numquid
891 1576 1007 1616 nobis
1027 1576 1066 1615 in
1089 1576 1296 1628 prandium
1319 1572 1468 1632 [frater]
1489 1587 1624 1628 paras·
1653 1579 1691 1613 20

197 1636 274 1678 set,
309 1633 487 1671 consedit
517 1644 617 1683 puer
646 1645 765 1684 super
795 1634 939 1672 lectum
970 1639 1008 1672 et
1037 1638 1242 1673 manantes
1271 1633 1450 1673 lacrimas
1479 1632 1621 1685 pollice

198 1688 368 1727 extersit.
405 1689 656 1740 perturbatus
677 1701 748 1740 ego
770 1689 903 1729 habitu
924 1690 1067 1737 fratris,
1089 1689 1182 1741 quid
1203 1689 1416 1738 accidisset,
1438 1689 1621 1742 quaesivi.

197 1749 236 1783 et
264 1744 327 1783 ille
358 1745 465 1783 tarde
495 1746 652 1796 quidem
684 1753 723 1785 et
751 1746 916 1794 invitus,
956 1746 1023 1786 sed
1054 1753 1260 1798 postquam
1290 1746 1474 1798 precibus
1505 1746 1621 1786 etiam

197 1800 437 1840 iracundiam
458 1801 609 1849 miscui,
627 1802 742 1841 ‘tuus'
759 1802 888 1853 inquit
905 1803 989 1842 ‘iste
1009 1803 1128 1841 frater
1148 1815 1218 1842 seu
1239 1815 1371 1843 comes
1391 1802 1508 1855 paulo
1529 1809 1620 1843 ante

196 1856 236 1896 in
259 1857 494 1896 conductum
527 1858 748 1897 accucurrit
779 1859 988 1910 coepitque
1012 1859 1105 1898 mihi
1137 1859 1232 1898 velle
1264 1859 1455 1912 pudorem
1489 1864 1620 1899 extor—
1651 1861 1689 1895 25

196 1925 327 1964 quere.
355 1912 360 1967 Ι
389 1926 477 1953 cum
508 1926 580 1966 ego
601 1914 902 1966 proclamarem,
932 1915 1101 1966 gladium
1123 1915 1279 1955 strinxit
1299 1922 1338 1955 et
1357 1915 1416 1955 “si
1439 1915 1690 1956 LucretiaLo

197 1969 262 2009 es”
283 1970 410 2021 inquit
431 1970 716 2022 “Tarquinium
737 1971 957 2012 invenisti.''

302 2025 308 2079 Ι
335 2027 476 2078 quibus
507 2039 578 2079 ego
610 2027 749 2066 auditis
778 2028 965 2067 intentavi
996 2028 1037 2067 in
1069 2028 1204 2067 oculos
1234 2028 1379 2081 Ascylti
1409 2040 1549 2069 manus
1579 2034 1665 2069 etL

195 2082 300 2133 ‘quid
330 2083 438 2122 dicis’
460 2083 619 2134 inquam
642 2084 857 2124 ‘muliebris
886 2084 1094 2136 patientiae
1118 2090 1303 2133 scortum,
1336 2085 1446 2124 cuius
1467 2097 1518 2125 ne
1537 2086 1619 2138 spi-

194 2139 291 2179 ritus
321 2140 468 2192 quidem
498 2152 621 2192 purus
651 2146 710 2180 est
721 2138 752 2178 Τ
783 2141 1055 2181 inhorrescere
1086 2154 1127 2180 se
1158 2141 1269 2180 finxit
1299 2141 1497 2194 Ascyltos,
1527 2153 1618 2182 mox
1649 2146 1687 2180 30

194 2195 353 2236 sublatis
382 2196 522 2235 fortius
544 2196 722 2236 manibus
744 2196 861 2249 longe
883 2198 1028 2237 maiore
1050 2197 1137 2237 nisu
1159 2197 1353 2237 clamavit:
1385 2201 1478 2237 ‘non
1500 2198 1619 2238 taces’

195 2251 323 2303 inquit
343 2253 543 2304 ‘gladiator
563 2252 734 2292 obscene
749 2284 758 2301 ,
781 2266 898 2305 quem
919 2255 966 2293 de
990 2268 1012 2292 εκ
1034 2254 1147 2294 ruina
1168 2254 1314 2293 harena
1337 2252 1509 2294 dimisit?
1533 2267 1617 2294 non

194 2314 312 2355 taces,
345 2315 539 2348 nocturne
561 2321 782 2361 percussor,
814 2310 880 2361 qui
904 2323 953 2350 ne
974 2318 1058 2349 tum
1080 2310 1250 2361 quidem,
1276 2323 1366 2350 cum
1385 2310 1541 2350 sortiter
1561 2311 1618 2350 fa-

195 2375 325 2412 ceres,
357 2377 444 2404 cum
466 2377 562 2416 pura
584 2365 747 2405 muliere
767 2368 973 2418 pugnasti,
1005 2367 1115 2406 cuius
1137 2366 1269 2406 eadem
1293 2367 1445 2406 ratione
1465 2367 1505 2406 in
1529 2367 1617 2407 viri-

196 2420 303 2460 dario
325 2422 443 2461 frater
463 2422 539 2469 fui,
573 2434 646 2473 qua
678 2435 786 2462 nunc
817 2423 856 2462 in
890 2423 1112 2462 deversorio
1134 2435 1233 2475 puer
1255 2422 1353 2463 est?'
1385 2423 1617 2464 ‘subduxisti
1646 2427 1684 2461 35

132 2474 245 2516 1010’
261 2478 419 2529 inquam
438 2483 470 2517 ‘a
489 2479 756 2530 praeceptoris
773 2479 995 2531 colloquio.’
1018 2479 1121 2531 ‘quid
1141 2492 1225 2532 ego,
1241 2480 1359 2519 homo
1376 2479 1615 2529 stultissime,

306 2611 322 2644 1
343 2611 593 2653 conspatiantes
611 2612 695 2644 libri
709 2612 870 2655 plerique
886 2612 898 2656 ss
918 2614 958 2646 12
976 2612 1133 2656 produxit
1148 2612 1177 2646 L
1194 2612 1206 2656 ΙΙ
1226 2613 1267 2646 22
1281 2611 1477 2658 εκρτεεείῐΙΙ
1495 2613 1539 2647 24
1555 2621 1618 2647 seu

192 2664 305 2687 comes
329 2659 489 2698 suspecta
509 2656 520 2700 ΙΙ
539 2658 581 2690 36
606 2657 716 2700 inquit
