1728 2886
247 135 329 174 114

302 825 338 857 10

247 933 266 963 5
293 930 383 963 victo
402 928 452 974 116
477 929 635 963 noctibus
661 929 797 962 conieci

293 1585 331 1618 10

245 1860 383 1894 mutatis
399 1860 449 1905 11
438 1874 445 1894 A
476 1859 618 1903 proiecit
640 1859 645 1903 1
666 1862 768 1903 atque
787 1858 798 1902 11
819 1861 860 1892 10
892 1861 988 1891 nutat
1019 1857 1160 1890 obrutus
1183 1857 1245 1889 sed
1267 1867 1331 1889 sec.
1359 1866 1467 1889 manu
1495 1850 1695 1899 obruptus

246 1907 350 1939 verba
374 1906 531 1938 nondum
557 1906 752 1946 emendata,
775 1906 947 1936 sententia
971 1902 1123 1943 fortasse
1147 1903 1255 1934 haec:
1278 1912 1343 1945 per
1362 1904 1490 1945 portus
1512 1900 1691 1945 Neptuni.

243 1951 372 1994 religio
397 1953 584 1994 spargitur
608 1962 653 1984 ex
676 1949 886 1991 naufragiis

309 2314 327 2344 5

248 2648 383 2687 ceperat
410 2644 629 2685 Fulgentrffus
677 2643 760 2675 inde
783 2644 1006 2686 conspexerat
1029 2638 1242 2674 Mum-kerus

860 133 1061 170 PETRONII

882 246 1034 288 XXVI*

389 307 443 346 sic
465 312 601 346 contra
622 317 752 345 rerum
775 311 935 345 naturae
955 316 1119 344 munera
1140 310 1230 344 nota

445 375 585 403 corvus
605 363 768 402 maturis
788 361 966 414 frugibus
987 373 1055 400 ova
1076 362 1210 401 refert.

387 420 442 460 sic
463 420 604 459 format
623 419 756 472 lingua
777 419 898 459 fetum
921 430 1009 458 cum
1031 418 1195 470 protulit
1214 430 1318 467 ursa,

446 483 484 516 et
504 476 621 529 piscis
643 476 751 516 nullo
772 476 931 515 iunctus
951 487 1084 514 amore
1106 475 1218 527 parit.

391 534 446 573 sic
468 533 648 572 Phoebea
671 533 804 585 chelys
823 532 951 571 vinclo
973 531 1141 571 resoluta
1164 531 1338 584 parentis

444 590 617 630 Lucinae
639 589 780 642 tepidis
800 589 961 643 naribus
982 600 1050 628 ova
1072 588 1187 628 fovet.

388 647 444 687 sic
464 647 549 687 sine
572 646 785 686 concubitu
808 645 922 685 textis
942 645 1026 697 apis
1046 645 1168 684 excita
1191 645 1290 684 ceris

444 705 567 743 fervet
588 709 626 743 et
645 703 778 742 audaci
800 702 920 742 milite
943 707 1066 741 castra
1087 701 1224 754 replet.

388 773 469 801 non
490 773 572 800 uno
595 766 778 799 contenta
800 759 901 798 valet
922 765 1060 798 natura
1082 764 1234 822 tenore,

453 817 519 857 sed
542 822 823 869 permutatas0
803 816 942 854 caudet
962 815 1108 854 habere
1129 815 1230 855 vices

361 886 425 917 hoe
450 893 592 917 carmen
617 886 651 916 et
667 893 758 926 quae
780 885 950 915 secuntur
967 881 1037 915 duo
1056 882 1222 914 Petronio
1248 882 1419 914 adscribit
1434 881 1648 924 Fulgentius
1664 861 1705 937 11ζὲ

874 1005 1043 1047 XXVII*

387 1068 537 1120 primus
557 1068 595 1106 in
621 1065 717 1106 orbe
738 1066 832 1106 deos
852 1064 943 1104 fecit
962 1064 1092 1110 timor,
1115 1063 1233 1103 ardua
1256 1064 1363 1104 caelo

389 1124 550 1164 fulmina
572 1136 660 1163 cum
679 1123 861 1162 caderent
883 1122 1133 1172 discussaque
1154 1121 1308 1160 moenia
1330 1121 1494 1161 flammis

387 1188 503 1233 atque
525 1181 625 1220 ictus
646 1180 827 1232 flagraret
847 1178 982 1225 Athos,
1004 1190 1094 1217 mox
1116 1177 1300 1217 Phoebus
1321 1177 1367 1217 ad
1389 1183 1498 1218 ortus

387 1238 546 1278 lustrata
568 1237 751 1276 devectus
771 1236 890 1276 humo
912 1235 1106 1286 lunaeque
1128 1241 1310 1274 senectus

392 1301 430 1333 et
450 1300 653 1346 reparatus
674 1294 815 1341 honos,
835 1292 927 1332 hinc
947 1291 1057 1343 signa
1079 1291 1199 1330 effusa
1222 1303 1293 1343 per
1315 1290 1448 1331 orbem

388 1359 426 1390 et
446 1357 690 1403 permutatus
711 1349 915 1390 disiunctis
934 1347 1137 1387 mensibus
1158 1360 1300 1388 annus.

387 1408 555 1460 profecit
575 1408 708 1447 vitium
731 1407 885 1457 iamque
907 1417 1018 1445 error
1038 1405 1149 1444 iussit
1169 1405 1297 1445 inanis

389 1465 578 1517 agricolas
598 1464 747 1516 primos
768 1463 898 1503 Cereri
921 1463 1012 1501 dare
1033 1462 1168 1501 messis
1188 1462 1370 1508 honores,

388 1521 612 1574 palmitibus
634 1520 760 1573 plenis
781 1519 977 1559 Bacchum
1000 1518 1157 1566 vincire,
1184 1518 1394 1570 Palemque

389 1584 590 1631 pastorum
612 1577 781 1629 gaudere
802 1588 933 1615 manu.
974 1580 1080 1614 natat
1101 1575 1265 1614 obrutus
1286 1575 1412 1614 omnis
1680 1615 1698 1619 ,-

388 1635 595 1687 Neptunus
615 1635 816 1674 demersus
837 1645 948 1684 aqua,
970 1631 1174 1683 Pallasque
1195 1631 1377 1671 tabernas
1680 1626 1699 1676 κζ·

387 1692 568 1731 vindicat.
609 1697 647 1730 et
667 1690 744 1730 voti
766 1702 857 1729 reus
878 1695 917 1728 et
938 1689 1002 1740 qui
1023 1688 1195 1728 vendidit
1216 1687 1365 1735 orbem
1687 1682 1698 1737 1

388 1749 462 1789 iam
485 1747 556 1788 sibi
579 1748 744 1800 quisque
766 1747 858 1786 deos
879 1746 988 1785 avido
1010 1745 1268 1785 certamine]
1246 1746 1358 1797 fingit
1572 1747 1574 1750 '
1691 1784 1697 1798 ἶ

363 1818 375 1849 1
406 1815 587 1858 primus—
598 1814 698 1847 timor
722 1814 826 1846 habet
851 1813 984 1846 Statius
1009 1811 1108 1844 Theb.
1127 1811 1260 1845 111661
1279 1811 1330 1854 114
1354 1810 1505 1844 deiectus
1521 1809 1533 1853 11
1553 1811 1573 1845 6
1597 1820 1670 1854 per·
1694 1805 1696 1812 '

1694 1226 1698 1234 -
1688 1143 1703 1171 <
1688 918 1706 1126 <tatem-was„
1702 907 1705 937 ψ
1687 602 1707 882 .„.r=·*»;<c:;-22·.»;s-‡3Q-·
1689 630 1691 632 ’
1690 580 1707 598 ’,Α
1688 565 1691 567 ’
1689 532 1705 553 ιτ.
1683 491 1704 509 zi
1682 437 1703 473 ἐκ
1691 372 1701 379 κ
1691 311 1702 361 ,Α-Α·
1692 227 1698 258 ·-«
1682 199 1693 211 ⁵
1685 177 1687 182 '
1686 150 1704 165 ’ἢ
1679 95 1685 106 ”
1707 77 1708 80 „

866 2017 1053 2058 XXVIII*

388 2089 477 2118 nam
499 2077 612 2117 citius
632 2077 805 2116 flammas
826 2075 1008 2116 mortales
1029 2086 1096 2113 ore
1116 2072 1311 2112 tenebunt

388 2146 502 2186 quam
524 2139 672 2174 secreta
695 2139 840 2184 tegant.
882 2131 1066 2184 quicquid
1089 2129 1248 2169 dimittis
1269 2130 1307 2169 in
1331 2130 1429 2178 aula,

387 2191 511 2231 effluit
531 2197 570 2230 et
590 2189 729 2230 subitis
749 2189 973 2229 rumoribus
995 2187 1135 2239 oppida
1158 2187 1298 2238 pulsat.

388 2260 462 2288 nec
482 2247 574 2287 satis
594 2253 652 2287 est
671 2246 848 2298 vulgasse
869 2246 1004 2286 fidem.
1027 2243 1261 2283 cumulatius
1282 2243 1360 2283 exit

386 2304 619 2358 ριοᾶίῐίοῃίε
641 2316 739 2356 opus
760 2304 980 2354 famamque
1002 2312 1167 2340 onerare
1188 2300 1353 2339 laborat.

387 2362 442 2401 sic
463 2360 669 2401 commissa
690 2372 830 2399 verens
849 2359 982 2399 avidus
1002 2369 1177 2397 reserale
1199 2357 1376 2396 minister

387 2419 484 2458 lodit
503 2419 666 2458 humum
686 2417 868 2468 regisque
888 2416 1052 2455 latentes
1072 2414 1243 2466 prodidit
1273 2425 1408 2462 aures;

389 2475 571 2538 concepit
593 2486 681 2514 nam
704 2479 806 2513 terra
828 2486 948 2513 sonos
968 2470 1182 2522 calamique
1203 2471 1409 2522 loquentes

388 2532 574 2571 invenere
594 2531 747 2579 Midam
769 2531 922 2582 qualem
944 2534 1166 2569 narraverat
1186 2527 1303 2567 index

362 2600 380 2632 2
406 2598 556 2632 demittis
580 2598 613 2631 in
639 2607 751 2631 aurem
769 2597 948 2630 Francms
963 2595 975 2640 11
995 2597 1013 2629 6
1047 2594 1157 2628 serens
1179 2593 1290 2626 codex·
1308 2592 1503 2627 Vossianus
1520 2590 1533 2636 11
1550 2593 1570 2626 9
1588 2601 1650 2625 con

1652 2405 1693 2886 Qfflmofflffl
1672 2344 1693 2388 -sss
1671 2271 1693 2318 ξω.
1683 2244 1686 2246 .
1686 2158 1687 2162 Α
