1728 2886
664 123 912 159 MENIPPEAE
1422 121 1501 162 195

700 238 766 278 XV
786 243 790 247 '
811 242 857 280 17

223 306 322 345 hanc
345 306 505 346 eandem
527 305 764 358 voluptatem
787 240 968 346 iacizulus
989 306 1106 346 taxim
1129 280 1317 358 consequi
1337 304 1507 357 lapathio
1537 310 1597 344 318

81 367 119 400 et
138 362 290 413 ptisana
313 363 459 414 possim

702 418 785 457 XVI
803 419 892 469 (15)

220 486 259 524 in
284 485 467 525 cubiculo
487 485 658 525 dormire
680 485 856 533 mallem,
886 486 918 526 si
939 486 1048 534 licet,
1079 469 1196 538 potus
1224 484 1356 525 vinum
1378 497 1508 525 meum
1538 491 1597 524 319

80 540 281 589 cibarium,
304 554 421 592 quam
444 554 516 594 ego
537 541 721 582 dominus
742 542 928 582 cubarem

701 620 803 660 XVII
827 621 883 672 (5)

220 688 313 739 quid
335 688 436 728 aliud
473 695 531 728 est
566 689 670 740 quod
692 688 878 741 Delphice
907 693 1038 727 cantat
1067 687 1248 727 columna
1270 686 1406 727 litteris
1427 687 1508 728 suis
1537 693 1594 727 320

79 738 188 798 ἄγαν
207 743 383 799 μηθένῗ
419 744 547 784 iudam
569 758 643 785 nos
664 746 791 785 facere
811 745 890 784 adit
909 744 1124 784 mortalem
1136 744 1294 783 modum
1315 744 1504 784 medioxi-

78 812 152 846 ωε,
175 807 218 839 ut
238 801 435 852 quondam
458 807 586 853 patres
608 802 732 841 nostri
753 801 1019 853 loquebantur

689 879 810 919 XVIII
848 882 872 920 4

221 959 299 986 non
324 960 391 987 eos
412 954 572 999 optume
592 948 731 987 vixisse
763 880 846 998 qui(
857 879 1072 986 d)iutissime
1100 945 1305 994 vixissent,
1340 943 1406 986 sed
1442 946 1508 998 qui
1538 951 1594 986 321

0 1011 6 1060 ’γ
22 1025 30 1037 .-
77 1003 361 1043 modestissime

23 1067 27 1075 ’
514 1090 705 1124 ΜντννΜ
732 1090 834 1124 Mvu
859 1090 1061 1125 SCABVNT

611 1161 714 1202 περὶ
743 1158 974 1203 χωρισμοῦ

745 1239 759 1277 l
784 1241 842 1290 (4)

347 1294 415 1334 ubi
436 1295 547 1335 lucus
565 1298 711 1347 opacus
732 1298 878 1335 tener1s
899 1294 1107 1334 fruticibus
1122 1297 1237 1346 aptus
1538 1302 1595 1335 322

739 1373 773 1412 ΙΙ
794 1375 852 1425 (l)

21 1470 30 1496 3
214 1447 256 1480 ut
275 1441 503 1492 grallatores
524 1441 590 1492 qui
611 1442 866 1504 gradiuntur,
902 1441 1074 1492 perticae
1109 1447 1200 1481 sunt
1236 1441 1339 1493 ligna
1375 1438 1508 1505 φύρει
1537 1448 1595 1481 323

15 1513 27 1546 ἕ.
81 1490 275 1553 ἀκίνητα,
297 1497 363 1538 sed
386 1497 434 1537 ab
454 1497 614 1537 homine
635 1510 682 1538 eo
704 1498 771 1549 qui
792 1498 832 1536 in
855 1498 887 1537 is
906 1503 981 1537 stat
1000 1497 1210 1549 agitantur,
1231 1497 1287 1538 sic
1307 1497 1362 1537 illi
1383 1498 1504 1537 animi

11 1558 30 1604 J:
80 1555 206 1594 nostri
226 1560 319 1594 sunt
339 1554 493 1606 guillae,
516 1566 629 1594 crura
652 1567 696 1594 ac
718 1554 838 1606 pedes
859 1554 1004 1601 nostri
1036 1551 1168 1609 φύσει
1199 1549 1408 1610 (ἧκέν-,ητοι
1437 1554 1504 1594 sed

78 1610 126 1650 ab
147 1611 278 1650 animo
299 1618 507 1650 moventur

729 1666 779 1705 111

27 1758 33 1763 .
220 1724 350 1775 itaque
386 1723 417 1762 si
447 1723 580 1775 plures
609 1723 691 1762 dies
719 1667 983 1763 intefflnedici
1005 1723 1215 1763 discessum
1239 1729 1278 1762 et
1298 1723 1506 1763 adventum
1535 1731 1595 1764 324

16 1778 36 1795 ³
79 1780 295 1832 pollictoris
315 1780 591 1827 interfuerunt,
613 1785 652 1819 et
671 1778 708 1818 id
730 1785 888 1827 aestate,
904 1780 1032 1819 videas

720 1858 790 1897 1111

26 1967 27 1970 Ἴ
221 1921 264 1955 ut
296 1915 471 1954 venalem
492 1915 707 1955 tuniculam
730 1858 898 1966 ponfflaet
919 1914 1074 1962 cotidie,
1111 1921 1153 1954 ut
1186 1914 1333 1954 videret
1368 1920 1507 1961 totum,
1538 1921 1594 1955 325

26 2005 34 2018 ,.
79 1972 250 2024 denique
274 1972 391 2011 etiam
413 1972 493 2011 suis
514 1972 694 2011 manibus
715 1972 824 2025 lanea
846 1976 967 2011 tracta
988 1971 1246 2012 ministrasset
1266 1970 1447 2011 infectori

168 2084 232 2118 318
258 2081 302 2118 Ν.
324 2093 359 2126 p.
385 2085 451 2116 550
476 2082 661 2126 lapathium
696 2083 701 2125 1
736 2092 873 2126 possum
906 2082 971 2116 alii
999 2082 1011 2126 ΙΙ
1041 2083 1107 2116 319
1130 2081 1174 2117 N.
1196 2092 1232 2124 p.
1257 2083 1299 2116 93
1331 2082 1505 2116 cibarium.

78 2130 286 2172 legebantur
309 2129 395 2161 haec
424 2130 463 2160 in
484 2130 610 2162 natura
635 2131 719 2161 anto
740 2126 790 2167 fr.
814 2128 877 2162 317
915 2128 922 2170 Ι
957 2127 1089 2162 scilicet
1124 2128 1130 2170 Ι
1165 2127 1199 2160 in
1224 2127 1325 2169 epulo
1349 2126 1506 2161 dominus

79 2174 200 2215 cubare
224 2176 309 2206 ante
332 2173 530 2214 edideram,
566 2173 679 2216 regiae
703 2172 793 2206 domi
819 2173 950 2207 ieiunus
974 2173 1153 2206 Valzlemu
1179 2171 1194 2216 ΙΙ
1222 2173 1287 2207 320
1311 2171 1356 2206 Ν.
1379 2183 1413 2215 p.
1441 2173 1504 2207 141

78 2219 328 2259 medioximum.
353 2219 522 2251 iambicos
545 2219 748 2251 octonarios
773 2217 967 2251 Memekius
996 2216 1103 2258 feeit,
1138 2218 1390 2260 quaternarios
1413 2217 1506 2251 dice-

78 2275 152 2298 rm
174 2265 207 2297 ei
230 2266 410 2297 constaret
430 2265 519 2296 mihi
542 2263 584 2296 do
606 2263 759 2306 verbis!
794 2267 892 2297 canat
924 2263 929 2305 1
988 2273 1086 2304 uam,
1122 2264 1220 2301 viam,
1247 2263 1362 2304 vitam,
1385 2262 1506 2296 iubens

78 2311 172 2344 alim
195 2309 297 2343 aliud
318 2319 545 2352 proposuere,
570 2309 681 2352 palam
701 2263 877 2342 Va'ltlenm
899 2311 939 2341 in
962 2274 1034 2348 2720
1058 2308 1189 2341 addens
1213 2308 1307 2341 iubet
1325 2309 1332 2350 Ι
1352 2307 1393 2341 ad
1419 2317 1507 2341 mor·
1539 2319 1544 2331 ⁴

79 2354 179 2389 talem
206 2355 340 2396 Iunius,
365 2354 407 2387 ad
433 2354 645 2387 Inmortalem
671 2353 819 2386 Rothius
835 2353 848 2397 ΙΙ
866 2355 927 2388 321
956 2352 1000 2387 Ν.
1022 2364 1058 2396 p.
1085 2355 1127 2387 55
1152 2352 1341 2386 modestum
1362 2355 1368 2395 Ι
1388 2353 1506 2387 v5xent

76 2411 162 2444 pars
185 2400 359 2433 librorum

192 2446 257 2483 322
281 2443 326 2479 Ν.
347 2455 382 2487 p.
409 2446 475 2479 235
499 2449 614 2487 aptum
642 2444 655 2487 fl
685 2443 813 2478 323N
809 2455 876 2487 .p.
902 2446 966 2479 115
991 2442 1191 2486 grallatores
1221 2442 1228 2485 Ι
1259 2440 1505 2486 lignuefinarei-

78 2490 171 2525 nolet
194 2491 237 2524 ab
257 2491 262 2533 Ι
284 2489 400 2523 inistat
423 2490 525 2523 libri:
549 2490 652 2523 instat
677 2489 873 2522 Patmm‘us
893 2489 899 2533 Ι
919 2489 997 2522 illae
1024 2488 1189 2522 Oehlerus
1221 2488 1226 2531 Ι
1259 2497 1383 2522 crura·
1369 2487 1503 2522 ·nostri

77 2535 286 2569 conlucer-am
322 2536 470 2568 antehac
504 2546 551 2568 ex
575 2534 814 2568 Van-maianis
845 2534 851 2577 Ι
884 2533 990 2568 nostri
1016 2533 1140 2571 essiare
1162 2544 1302 2576 κινητοι
1328 2533 1343 2576 ΙΙ
1370 2534 1436 2568 324
1451 2531 1504 2567 Ν.

74 2592 111 2624 p.
141 2583 200 2615 157
227 2580 422 2623 pollictores
453 2580 460 2624 Ι
491 2579 631 2614 medicis
666 2582 731 2613 aut
764 2578 914 2613 medicos
945 2579 1050 2612 libri.-
1085 2578 1290 2613 medicorum
1314 2577 1507 2622 (hyetusu

79 2627 145 2661 325
169 2625 213 2659 Ν.
235 2636 271 2668 p.
296 2626 361 2659 228
386 2629 515 2660 tractus
535 2627 540 2668 Ι
562 2626 698 2658 conieci
721 2629 760 2659 ut
784 2623 945 2658 venderet
967 2627 1092 2668 togam,
1117 2623 1264 2667 donique
1330 2638 1332 2642 ¹

1166 2679 1234 2715 13*
