1728 2886
238 120 319 158 132

236 245 304 268 non
329 237 381 268 est
405 233 525 266 miscix
548 235 591 268 45
626 254 629 257 ·

228 289 362 323 -pernae
375 278 571 312 missionem
589 277 743 312 dedimus
757 279 797 312 67
813 277 860 319 cs:
875 280 915 313 41

237 324 349 358 ‘modo
363 324 412 357 sic
420 324 521 357 modo
532 323 588 357 sic'
597 323 708 367 inquit
716 324 863 358 rusticus
874 325 916 358 45

238 379 393 403 nummos
416 369 530 403 modio
555 370 691 402 metitur
716 370 757 403 37

238 415 307 448 noli
332 414 507 448 meliorem
532 414 715 448 molestare
735 416 776 449 58
801 414 850 455 fr.
875 415 919 449 Xl

238 470 480 494 monocnemos
505 459 635 504 Apellis
661 461 703 494 83

239 505 296 548 qui
313 506 397 539 mori
413 506 533 539 timore
547 505 611 538 nisi
627 506 716 548 ego?
742 507 784 547 62
810 515 918 550 aeque

287 552 395 584 lassus
427 561 467 584 ac
502 551 648 584 moriens
674 554 692 584 7
734 551 918 584 morientes

285 596 438 630 occidere
459 598 501 631 98
527 597 686 630 miserere
702 596 918 629 morientium
936 615 940 620 ·

239 686 386 721 alienum
411 690 581 719 mortuum
605 686 737 729 plorare
762 688 807 720 54

239 742 302 766 nec
326 743 382 766 mu
409 742 470 765 nec
493 741 546 764 ma
571 735 707 774 argutas
732 733 773 765 57

239 778 391 819 mufrius,
416 788 486 810 non
509 777 671 820 magister
694 779 737 812 58

240 833 306 856 non
331 823 458 856 licebat
480 822 673 856 multaciam
707 822 919 856 considerare

218 865 220 867 ’
288 870 329 903 29
354 870 418 901 vioe
437 878 562 901 sanum

239 913 401 947 mundum
425 913 532 956 frigus
558 913 737 948 habuimus
760 915 798 947 41

240 969 314 992 mus
328 959 516 1038 in4rlrliatella
535 959 577 993 58
602 958 658 992 udi
676 962 835 1002 tanquam
849 969 920 992 mu—

286 1014 339 1037 res

241 1095 321 1128 mihi
346 1095 456 1128 anima
480 1095 515 1127 in
540 1104 622 1127 naso
648 1104 724 1128 esse
748 1096 790 1128 62

243 1151 284 1174 en
310 1141 411 1174 homo
429 1139 713 1184 quemadmodum
738 1143 832 1173 natat
858 1141 920 1175 116

286 1185 396 1229 pisces
420 1188 535 1218 natare
560 1189 695 1228 oportet
719 1186 762 1220 39

240 1234 274 1265 te
299 1234 414 1264 natum
439 1241 506 1264 non
531 1234 613 1273 puto
640 1232 681 1265 58

241 1286 362 1319 magna
387 1277 484 1309 navis
508 1286 664 1319 magnam
688 1275 920 1310 fortitudinem

287 1322 390 1355 habet
415 1323 457 1355 76

241 1369 404 1409 negatio.-
427 1366 553 1400 suadeo
578 1376 647 1399 non
666 1366 804 1410 patiaris
823 1368 866 1400 74
879 1368 920 1400 75

230 1426 233 1430 >
288 1412 470 1456 duplicata
485 1413 552 1444 lzoc
566 1412 670 1445 modo
687 1411 813 1445 nemini
838 1411 922 1445 nihil

287 1458 370 1491 satis
395 1460 447 1491 est
472 1459 515 1492 76
539 1458 649 1494 4258

242 1503 401 1546 nesapius
425 1504 467 1536 50

243 1552 427 1582 nocturnae
454 1549 495 1582 63
543 1550 727 1580 nocturnus
746 1549 786 1581 57
814 1546 860 1587 cll
882 1549 921 1581 15

290 1597 471 1627 nocturnus
496 1595 667 1636 grassator
691 1593 734 1626 82

242 1641 387 1672 nomina
411 1641 542 1671 rustice
564 1639 718 1679 inflexa:
744 1635 932 1672 intestinas

289 1685 331 1718 76
349 1694 462 1728 rapam
478 1685 521 1718 66
539 1683 693 1717 schemas
706 1685 759 1717 44
763 1684 923 1735 stigmam

288 1732 330 1763 45
349 1731 391 1763 69
416 1730 542 1773 strigae
561 1730 602 1763 63
645 1729 786 1763 saciatur
808 1733 844 1763 et
868 1729 924 1763 tri-

289 1775 390 1808 clinia
409 1777 449 1809 71
498 1774 640 1808 balneus
657 1776 699 1809 41
749 1775 863 1808 caelus
880 1775 923 1808 39

288 1823 330 1854 45
378 1819 600 1865 candelabrus
618 1821 659 1852 75
707 1819 799 1853 fatus
823 1821 920 1854 4271

290 1869 330 1899 77
357 1865 517 1899 fericulus
533 1867 575 1899 39
593 1865 685 1898 lorus
703 1867 744 1898 57
762 1874 865 1898 vasus
880 1867 922 1899 57

289 1911 388 1944 vinus
407 1913 447 1944 41
492 1910 646 1954 concepti
666 1912 707 1945 33
755 1910 863 1944 lasani
879 1912 922 1945 47

288 1957 473 1990 strabonus
497 1957 538 1990 68
586 1966 725 1989 cornum
744 1958 786 1991 89
834 1956 930 1999 quod

284 2005 402 2044 potest
439 2003 548 2034 etiam
582 2002 818 2035 masculinum
847 2012 927 2044 esse,

292 2048 489 2080 thesaurum
507 2048 550 2080 46
575 2057 693 2080 vasum
713 2049 753 2082 51
772 2047 858 2080 libra
873 2057 928 2080 ru-

289 2092 417 2126 bricata
445 2094 488 2126 46
513 2092 628 2126 nervia
654 2094 697 2127 45
744 2092 927 2136 quisquilia

291 2140 332 2172 75
379 2137 572 2171 statuncula
598 2139 639 2172 50
686 2138 776 2171 lovis
809 2140 851 2171 47
884 2139 924 2172 58

290 2183 387 2216 bovis
422 2185 464 2217 62
512 2182 634 2216 lactem
668 2185 707 2217 71
757 2183 846 2216 lacte
883 2184 925 2217 38

290 2229 440 2271 porticus
470 2228 554 2261 duos
581 2231 622 2262 77
669 2238 792 2262 munus
817 2228 927 2262 excel-

288 2274 380 2307 lente
417 2275 458 2307 45
485 2275 528 2307 66
575 2283 726 2315 sanguen
751 2275 793 2307 59
841 2274 926 2317 stips

289 2321 396 2362 stipes
415 2320 458 2353 43
480 2329 548 2362 per
564 2319 834 2352 declinationem
857 2329 925 2352 non

290 2364 381 2406 gusti
405 2363 469 2398 fuit
494 2365 535 2398 76
560 2367 601 2396 ut
623 2375 694 2397 non
720 2365 821 2406 tanti,
845 2374 926 2407 pau-

290 2419 445 2451 perorum
473 2411 517 2443 46
554 2420 571 2443 a
598 2409 709 2443 diibus
735 2411 780 2443 44
818 2408 929 2443 Phile-

290 2464 409 2487 ronem
437 2457 480 2488 46
521 2454 720 2488 Niceronem
746 2456 789 2497 63
828 2454 929 2498 Apel-
965 2457 968 2460 '

290 2499 390 2532 letem
424 2501 467 2534 64
515 2511 534 2533 o
559 2501 605 2533 mi
629 2500 782 2544 hospites
812 2501 875 2534 116

245 2548 397 2577 notorem
431 2545 510 2578 dare
535 2547 578 2580 92

216 2603 220 2606 ·
244 2599 369 2631 operae
395 2600 536 2633 quorum
563 2594 615 2624 est
639 2600 713 2624 mea
739 2589 844 2624 Roma
869 2600 929 2623 no-

290 2645 388 2668 verca
417 2635 480 2669 122

891 119 1022 156 INDEX

985 244 1099 277 nugax
1122 235 1164 269 52

987 280 1136 313 omnium
1160 289 1336 313 numerum
1361 281 1403 315 63
1429 282 1471 316 68

985 325 1088 358 habet
1112 334 1323 358 nummorum
1348 335 1509 371 ‘nummos‘
1526 328 1572 365 37

986 413 1086 447 mulsi
1110 414 1293 458 pultarium
1318 414 1444 449 obduxi
1467 417 1511 450 42

985 459 1108 494 librum
1146 459 1187 493 ab
1222 460 1322 494 oculo
1346 460 1431 503 legit
1455 463 1496 495 75
1544 461 1677 504 dignus

1032 515 1132 548 quem
1149 505 1183 538 in
1200 505 1308 539 oculis
1326 505 1430 540 feram
1449 509 1490 542 75
1538 507 1666 551 opertis

1032 550 1140 584 oculis
1164 551 1251 584 bona
1265 561 1325 584 sua
1339 555 1538 595 computant
1551 554 1596 588 44
1618 551 1665 593 cll

1035 597 1094 629 141
1123 596 1213 629 oculi
1247 597 1370 630 mortui
1397 599 1440 632 62
1485 597 1543 631 vix
1567 597 1666 632 oculo

1031 645 1165 674 mortuo
1190 651 1336 685 unquam
1354 643 1396 677 68

987 686 1144 728 oclopeta
1158 687 1199 720 35
1218 688 1260 719 ab
1275 687 1387 720 oculis
1399 690 1434 720 et
1439 688 1592 731 petendo
1605 698 1668 722 no-

1031 733 1168 764 minata
1192 743 1248 764 res
1272 733 1451 766 esculenta

989 776 1165 810 oracularii
1191 777 1280 810 servi
1304 779 1347 812 43

988 821 1142 855 osculum
1162 833 1316 865 parvum
1340 835 1378 857 os
1403 824 1467 857 126

987 867 1147 901 ossucula
1172 869 1214 902 65

988 913 1126 946 ovillam
1152 917 1204 947 est
1229 914 1271 947 56

989 958 1191 1003 oxycomina
1216 960 1259 992 66

988 1047 1090 1082 habet
1114 1048 1198 1082 haec
1221 1059 1276 1083 res
1292 1046 1414 1093 panem
1430 1051 1475 1083 46
1499 1049 1669 1084 noluisses
1684 1048 1728 1089 {0

1033 1093 1075 1127 de
1092 1104 1193 1128 manu
1210 1094 1301 1128 illius
1319 1105 1441 1138 panem
1458 1096 1612 1139 accipere
1627 1096 1667 1129 37
1686 1090 1717 1135 ’ζὲῗ

1034 1138 1121 1172 dabo
1146 1150 1279 1185 panem
1294 1141 1337 1175 69
1690 1149 1703 1185 ζ
1726 1179 1728 1182 ⁴

988 1194 1119 1229 pannos
1143 1195 1237 1218 meos
1261 1179 1394 1219 comedi
1411 1187 1455 1220 44
1501 1185 1668 1230 pannucia

989 1275 1045 1320 qui
1064 1278 1235 1319 utrosque
1259 1275 1406 1318 parietes
1430 1275 1540 1310 linunt
1565 1277 1609 1310 39

989 1320 1198 1364 paronychia
1216 1320 1337 1354 tollere
1355 1323 1396 1355 31

989 1365 1113 1399 malam
1137 1375 1268 1409 parram
1293 1366 1414 1410 pilavit
1429 1367 1478 1400 43

991 1414 1150 1455 quattuor
1166 1414 1279 1453 partes
1296 1411 1378 1445 dicit
1392 1413 1436 1447 46
1461 1402 1580 1446 decem
1595 1421 1670 1456 par·
1683 1410 1717 1456 {3¹23

1035 1459 1087 1489 tes
1113 1455 1195 1489 dicit
1212 1458 1253 1490 75
1301 1459 1415 1500 partes
1439 1460 1577 1491 centum
1593 1457 1670 1491 dico
1686 1457 1726 1502 ς’

1036 1503 1078 1535 58
1103 1503 1143 1533 in
1160 1502 1390 1542 conficiendis
1406 1504 1611 1536 rationibus
1627 1504 1670 1536 ti·
1693 1505 1717 1540 ’,ῑᾉ

1030 1557 1138 1579 rone-c
1162 1549 1195 1579 et
1218 1548 1379 1580 eruditus

990 1592 1185 1636 pataracina
1215 1602 1355 1636 poscere
1394 1594 1437 1628 41
1460 1595 1502 1626 ut
1522 1594 1718 1637 εοῃΡΙιοες,

1037 1639 1242 1680 capaciores
1700 1659 1708 1682 3

991 1692 1058 1726 pax
1083 1682 1281 1717 Palamedes
1299 1685 1341 1718 66
1364 1686 1412 1717 sit
1440 1686 1543 1717 venia
1567 1685 1671 1716 verbo

1056 1740 1075 1761 o
1097 1728 1140 1761 do

993 1772 1026 1806 d1
1036 1727 1156 1818 fpgdes
1173 1773 1306 1808 lanatos
1324 1771 1449 1808 habent
1465 1775 1510 1808 44
1556 1769 1701 1811 multis

1037 1818 1181 1862 pedibus
1206 1823 1259 1852 sto
1286 1821 1327 1854 30
1352 1821 1493 1859 (contra
1510 1819 1598 1853 male
1615 1830 1673 1853 va·
1686 1819 1723 1856 1:1¹

1038 1864 1168 1898 cillavit
1204 1865 1246 1898 38
1282 1868 1318 1897 et
1349 1863 1451 1898 fidem
1486 1864 1574 1898 male
1604 1869 1715 1898 am—·-

1041 1909 1214 1943 balantem
1242 1910 1296 1949 12)
1320 1910 1434 1953 ‘longe
1458 1911 1576 1953 venio,
1603 1910 1672 1944 late
1686 1911 1713 1941 '⁵³1

1041 1955 1150 1988 venie’
1168 1956 1210 1989 58

995 2000 1030 2034 in
1055 2000 1121 2033 alio
1145 1999 1326 2044 peduclum
1349 1999 1456 2042 vides,
1480 2000 1515 2034 in
1540 2004 1574 2035 te
1597 2001 1673 2034 rici·
1693 2019 1704 2044 3„

1042 2055 1122 2078 num
1145 2055 1212 2079 non
1237 2045 1333 2079 vides
1359 2047 1432 2080 57
1686 2050 1716 2083 ἶ’

996 2090 1150 2134 pelagiae
1163 2090 1322 2125 volucres
1341 2093 1405 2126 109
1452 2090 1600 2134 phaleris
1613 2101 1672 2134 pe·

1038 2136 1137 2179 lagiis
1160 2139 1199 2168 in
1223 2136 1311 2180 Syri
1333 2147 1436 2170 versu
1460 2138 1530 2172 55-

995 2181 1196 2225 penthiacus
1214 2183 1255 2215 47
1282 2193 1304 2215 a
1328 2182 1479 2215 Pentheo
1496 2181 1700 2228 discerptos

994 2236 1137 2271 puerum
1162 2237 1243 2261 sane
1267 2227 1499 2271 perbasiamus
1522 2229 1565 2263 41
1682 2236 1712 2258 'f

994 2272 1262 2316 percolopabant
1286 2274 1331 2306 44
1354 2283 1376 2307 a
1401 2273 1558 2316 colaphis

994 2328 1062 2351 non
1087 2317 1314 2360 perfunctorie
1339 2318 1516 2352 verberare
1544 2320 1581 2356 11

993 2363 1168 2406 peristasis
1193 2362 1446 2397 declamationis
1470 2365 1513 2398 48
1688 2394 1690 2400 ,,

995 2407 1183 2452 persuadeo
1208 2408 1376 2451 hospitem
1401 2409 1458 2443 62
1467 2410 1511 2443 46
1549 2410 1589 2442 in
1611 2419 1672 2442 ur·
1681 2424 1684 2426 v

1041 2455 1131 2487 bano
1155 2464 1316 2486 sermone
1332 2464 1348 2487 a
1366 2458 1474 2488 matre
1490 2463 1692 2497 persuasus·

1040 2502 1093 2532 est
1118 2499 1158 2533 81

997 2544 1024 2578 si
1054 2543 1096 2577 ad
1128 2544 1308 2577 trecenties
1337 2543 1391 2577 HS
1415 2543 1530 2578 salvus
1553 2553 1672 2587 perve·

1042 2583 1128 2622 nerit
1147 2589 1188 2624 88
1213 2589 1296 2623 satis
1313 2589 1412 2623 vivus
1429 2599 1614 2632 pervenero
1628 2589 1669 2623 77
1677 2597 1692 2617 ;’
1707 2626 1708 2629 Ἰ

997 2634 1142 2678 pessime
1166 2634 1248 2668 mihi
1272 2638 1344 2668 erat
1367 2644 1410 2675 ne
1433 2637 1478 2669 54
