1728 2886
0 73 23 334 L
658 135 843 171 SATIRAE
1412 133 1465 172 59

36 253 139 296 inter
157 252 352 293 anhelitus
381 253 624 303 sudoresque
654 251 789 298 tritus,
821 251 926 302 quod
946 251 1141 300 voluerat,
1174 252 1345 304 accepit,
1377 261 1466 290 rur-

36 321 179 362 susque
199 309 239 348 in
262 321 445 349 somnum
468 308 593 348 decidi
614 306 756 359 gaudio
778 307 913 347 lassus.
955 307 1187 359 interposita
1217 308 1349 348 minus
1368 308 1465 347 hora

35 377 212 429 pungere
231 378 294 405 me
315 377 432 405 manu
453 364 583 417 coepit
612 370 650 403 et
670 363 821 402 dicere:
857 365 1003 414 “quare
1036 377 1115 404 non
1145 363 1363 404 facimus‘P'
1382 370 1464 404 tum

36 433 108 474 ego
136 421 282 462 totiens
302 422 491 462 excitatus
520 420 637 472 plane
657 419 911 459 vehementer
941 420 1133 460 excandui
1164 427 1202 460 et
1231 421 1381 461 reddidi
1411 420 1465 460 illi

36 490 149 519 voces
168 490 277 518 suas:
303 481 396 518 “aut
416 477 556 524 dormi,
578 482 644 516 aut
663 488 736 528 ego
758 476 832 514 iam
855 476 955 527 patri
976 476 1128 516 dicam’'

734 545 755 570 *

143 596 298 631 erectus
318 591 379 630 his
399 589 648 630 sermonibus
669 588 877 628 consulere
899 587 1197 640 prudentiorem
1218 589 1332 640 coepi
1478 597 1532 639 88

30 653 175 687 aetates
196 647 416 687 tabularum
439 652 478 686 et
499 646 689 698 quaedam
710 651 941 697 argumenta
963 644 1056 684 mihi
1078 643 1247 684 obscura
1268 645 1464 696 simulque

30 715 186 744 causam
214 703 382 744 desidiae
412 703 630 755 praesentis
660 708 862 748 excutere,
904 712 993 740 cum
1030 701 1319 752 pulcherrimae
1361 708 1466 742 artes

30 760 246 812 perissent,
276 760 381 800 inter
402 772 499 812 quas
518 759 671 811 pictura
693 771 743 798 ne
763 758 969 797 minimum
992 757 1148 809 quidem
1178 758 1239 798 sui
1259 758 1463 810 vestigium

30 816 263 868 reliquisset.
311 823 395 856 tum
435 816 499 855 ille
538 814 754 867 ‘pecuniae’
784 814 915 866 inquit
943 813 1151 865 ‘cupiditas
1180 814 1277 854 haec
1314 815 1464 867 tropica

32 872 210 913 instituit.
254 870 427 927 {priscis
464 872 571 912 enim
609 871 871 923 temporibus,
912 882 1001 910 cum
1040 871 1166 910 adhuc
1204 871 1309 910 nuda
1342 872 1466 912 virtus

31 928 220 982 placeret,
250 928 433 979 vigebant
462 934 565 968 artes
603 928 798 979 ingenuae
828 939 1104 978 summumque
1134 933 1332 968 certamen
1364 928 1467 968 inter

0 991 7 1018 ²
32 985 211 1025 homines
239 991 342 1033 erat,
374 997 425 1024 ne
455 984 548 1036 quid
578 985 830 1036 profuturum
861 983 1025 1023 saeculis
1054 983 1122 1023 diu
1143 983 1293 1023 lateret.
1334 985 1466 1037 itaque

30 1041 239 1082 herbarum
271 1041 447 1080 omnium
479 1052 596 1081 sucos
617 1040 867 1080 Democritus
898 1039 1110 1091 expressit,
1141 1046 1181 1079 et
1212 1053 1262 1080 ne
1293 1040 1464 1092 lapidum

29 1097 364 1149 virgultorumque
374 1098 430 1137 vis
445 1097 596 1145 lateret,
611 1102 776 1136 aetatem
793 1097 898 1136 inter
922 1096 1190 1147 experimenta
1206 1097 1465 1149 consumpsit.

30 1153 214 1194 Eudoxos
233 1153 420 1206 [quidem]
442 1154 482 1193 in
505 1153 708 1193 cacumine
729 1152 980 1193 excelsissimi
1009 1153 1158 1192 montis
1177 1154 1400 1202 consenuit,
1422 1159 1464 1193 ut

30 1215 221 1250 astrorum
252 1210 427 1262 caelique
456 1216 586 1250 motus
616 1210 950 1261 deprehenderet,
982 1214 1021 1248 et
1051 1208 1312 1262 Chrysippus,
1344 1215 1388 1249 ut
1418 1211 1465 1250 ad

29 1265 293 1307 inventionem
314 1268 534 1315 sufficeret,
564 1272 624 1306 ter
644 1266 818 1306 elleboro
840 1265 1014 1305 animum
1043 1266 1215 1305 detersit.
1254 1278 1389 1306 verum
1421 1273 1465 1306 ut

29 1322 77 1362 ad
95 1322 235 1375 plastas
256 1329 482 1371 convertar,
510 1323 725 1375 Lysippum
753 1328 903 1362 statuae
923 1322 1042 1362 unius
1063 1322 1312 1362 lineamentis
1328 1323 1465 1363 inhae-

28 1384 177 1420 rentem
199 1380 330 1432 inopia
362 1379 545 1427 extinxit,
577 1386 616 1419 et
635 1379 795 1432 Myron,
827 1379 895 1431 qui
925 1390 1051 1431 paene
1080 1379 1230 1419 animas
1259 1379 1462 1420 hominum

29 1435 276 1488 ferarumque
295 1448 386 1476 aere
407 1435 782 1488 comprehenderat,
814 1448 895 1475 non
917 1435 1067 1475 invenit
1086 1435 1286 1477 heredem.
1329 1441 1369 1476 at
1389 1449 1464 1477 nos

27 1491 117 1532 vino
138 1492 356 1544 scortisque
387 1492 554 1532 demersi
585 1504 636 1531 ne
667 1498 822 1544 paratas
852 1491 1010 1544 quidem
1041 1498 1146 1532 artes
1175 1492 1364 1533 audemus
1395 1505 1463 1532 co-

27 1559 240 1600 gnoscere,
271 1550 338 1589 sed
371 1554 619 1589 accusatores
649 1549 892 1600 antiquitatis
920 1548 1010 1587 vitia
1041 1554 1193 1587 tantum
1215 1549 1402 1590 docemus
1424 1555 1464 1590 et

27 1604 223 1645 discimus.
269 1604 338 1644 ubi
375 1611 435 1645 est
464 1603 694 1644 dialectica?
734 1605 800 1644 ubi
831 1603 1100 1644 astronomia?
1150 1604 1218 1644 ubi
1248 1605 1463 1658 sapientiae

25 1660 236 1702 cultissima
266 1660 354 1701 via?
386 1662 474 1713 quis
502 1673 676 1713 unquam
707 1661 813 1701 venit
842 1661 881 1700 in
905 1661 1096 1713 templum
1126 1666 1165 1701 et
1193 1668 1326 1702 votum
1358 1662 1461 1710 fecit,

26 1716 59 1759 si
78 1718 124 1756 ad
147 1717 411 1770 eloquentiam
441 1716 712 1770 pervenisset?
743 1718 851 1769 quis,
883 1718 915 1757 si
936 1717 1208 1770 philosophiae
1229 1719 1382 1758 fontem
1402 1725 1460 1758 at-

26 1772 205 1826 tigisset?
233 1786 278 1814 ac
308 1787 359 1814 ne
390 1774 535 1814 honam
567 1774 723 1826 quidem
753 1780 925 1813 mentem
956 1779 1024 1813 aut
1043 1773 1189 1814 bonam
1209 1774 1462 1815 valitudinem

27 1835 186 1882 petunt,
216 1830 284 1871 sed
314 1831 443 1871 statim
474 1836 683 1882 antequam
714 1830 833 1869 limen
856 1830 1036 1882 Capitolii
1064 1836 1239 1882 tangant,
1272 1831 1371 1872 alius
1390 1831 1461 1872 do-

30 1897 123 1926 num
142 1887 349 1939 promittit,
370 1887 402 1927 si
423 1887 692 1939 propinquum
714 1887 871 1926 divitem
894 1887 1088 1935 extulerit,
1109 1887 1221 1936 alius,
1251 1887 1283 1928 si
1304 1888 1461 1928 thesau-

26 1953 112 1983 rum
133 1943 322 1992 effoderit,
345 1943 456 1992 alius,
478 1944 509 1984 si
532 1943 579 1982 ad
601 1943 813 1983 trecenties
829 1944 1053 1984 sestertium
1074 1944 1201 1984 salvus
1221 1945 1460 1996 pervenerit.

28 1998 110 2051 ipse
137 2005 312 2048 senatus,
342 2000 439 2040 recti
469 1999 645 2052 bonique
665 2007 918 2052 praeceptor,
948 2000 1054 2039 mille
1086 2000 1219 2052 pondo
1240 2001 1326 2040 auri
1347 2000 1461 2053 Capi-

29 2054 120 2095 tolio
150 2056 379 2108 promittere
409 2056 528 2105 solet,
560 2063 599 2096 et
629 2069 679 2096 ne
710 2057 798 2108 quis
829 2056 981 2096 dubitet
1009 2057 1218 2109 pecuniam
1249 2058 1461 2122 concupis-

29 2122 138 2160 cere,
166 2111 294 2152 Iovem
325 2125 485 2165 quoque
513 2113 668 2165 peculio
699 2119 874 2152 exornat.
917 2113 998 2152 noli
1021 2125 1114 2165 ergo
1137 2113 1282 2162 mirari,
1313 2114 1344 2153 si
1375 2114 1459 2166 pic-

30 2172 116 2208 tura
134 2166 287 2218 defecit,
308 2181 398 2209 cum
419 2169 604 2210 omnibus
623 2169 695 2210 diis
717 2170 1023 2221 hominibusque
1045 2170 1256 2210 formosior
1285 2170 1462 2210 videatur

28 2234 149 2265 mssa
178 2225 282 2274 auri,
320 2238 437 2277 quam
468 2226 654 2278 quicquid
693 2226 850 2278 Apelles
882 2226 1134 2289 l'hidiasque,
1173 2226 1355 2266 Graeculi
1394 2226 1460 2267 de-

29 2279 207 2331 lirantes,
237 2282 429 2322 fecerunt.
489 2283 556 2323 sed
587 2282 698 2322 video
729 2288 767 2322 te
798 2288 923 2322 totum
956 2283 995 2322 in
1028 2282 1090 2322 illa
1122 2283 1284 2322 haerere
1314 2282 1456 2332 tabula,
1473 2280 1526 2322 89

28 2346 126 2389 quae
154 2337 294 2379 Troiae
331 2338 481 2379 halosin
523 2339 706 2380 ostendit.
766 2339 898 2390 itaque
938 2338 1115 2379 conabor
1152 2351 1253 2391 opus
1283 2339 1460 2380 versibus

14 2393 217 2444 ,pandere-

9 2457 16 2493 t

140 2494 181 2528 13
204 2493 319 2538 itaque
343 2494 479 2529 hercula
505 2494 682 2528 herbarum
711 2493 765 2538 ΟΙΙ
787 2495 828 2528 16
853 2493 990 2538 quidem
1017 2504 1082 2528 om.
1104 2495 1297 2538 florilegia,
1322 2505 1460 2540 quoque

27 2539 125 2572 oms
145 2539 349 2574 emendator
374 2539 387 2582 ΙΙ
421 2542 461 2575 19
487 2543 636 2574 revertar
661 2539 688 2572 0
724 2539 729 2582 Ι
758 2540 799 2574 21
826 2539 1081 2582 comprehendit
1107 2539 1134 2572 0
1160 2539 1173 2583 ΙΙ
1203 2541 1246 2574 25
1279 2540 1462 2575 consultis

30 2581 112 2617 d..
134 2583 219 2618 ubre
238 2587 383 2627 praeter
406 2585 610 2618 Par-tainum
633 2585 701 2620 684
748 2584 782 2616 D
814 2584 820 2628 Ι
852 2584 990 2628 inquam
1011 2584 1174 2628 plerique
1197 2585 1301 2628 libri,
1332 2585 1459 2620 dudum

30 2626 204 2672 Micia
219 2628 233 2674 Ι
251 2630 292 2667 33
317 2634 435 2664 exorat
