1728 2886
672 142 857 177 SATIRAE
1033 173 1037 175 a
1420 145 1472 183 99

221 268 390 308 namque
410 257 472 296 illa
492 263 597 297 metu
619 257 797 309 frigidior
816 257 968 309 rigente
988 258 1126 299 bruma

221 314 452 365 confugerat
470 314 510 353 in
531 314 676 354 viscera
696 314 800 353 mille
821 320 955 366 operta
977 316 1096 367 rugis.

218 370 270 409 ita
293 382 372 409 non
396 371 505 422 potui
525 370 716 422 supplicio
737 376 854 422 caput
872 371 1036 423 aperire,

208 427 284 466 >sed
306 427 513 466 furciferae
533 426 734 465 mortifero
755 426 893 466 timore
914 427 1021 466 lusus

216 484 263 522 ad
284 483 413 530 verba,
434 483 556 534 magis
576 494 674 534 quae
694 488 877 534 poterant
898 495 1055 530 nocere,
1077 484 1171 535 fugi.

15 571 28 584 ,,
162 546 316 579 erectus
353 540 471 591 igitur
500 540 538 579 in
572 538 746 579 cubitum
777 539 848 578 hac
879 540 960 579 fere
990 540 1168 579 oratione
1199 547 1478 582 contumacem-

50 596 197 635 vexavi:
230 596 334 647 ‘quid
363 595 471 636 dicis'
491 596 652 647 inquam
673 595 862 635 ‘omnium
893 596 1094 636 hominum
1125 597 1368 649 deorumque
1398 610 1471 650 pu-

23 650 150 691 ,ΔΟΓῩ
181 665 271 692 nam
302 666 351 692 ne
385 653 588 692 nominare
619 652 775 704 quidem
797 658 834 691 te
855 652 960 692 inter
980 665 1044 693 res
1064 654 1185 693 serias
1204 654 1262 693 fas
1284 660 1355 694 est.
1395 655 1471 694 hoc

49 707 97 748 de
126 715 165 749 te
194 709 338 756 merui,
370 715 414 748 ut
442 722 504 748 me
533 709 574 748 in
606 709 712 748 caelo
735 709 903 760 positum
926 709 974 748 ad
994 710 1142 750 inferos
1163 709 1368 751 traheres?
1393 709 1400 764 Ι
1426 718 1471 751 ut

27 766 272 806 traduceres
308 778 435 805 annos
471 766 599 818 primo
637 766 823 805 florentes
862 765 991 818 vigore
1021 772 1282 819 senectaeque
1311 767 1469 807 ultimae

49 823 142 862 mihi
163 823 428 863 lassitudinem
450 820 702 874 imponeres?
733 834 830 873 rogo
850 828 909 870 te,
941 822 1034 862 mihi
1055 823 1238 875 apodixin
1261 824 1469 864 defuncto-

15 880 144 920 ·riam
164 879 308 919 redde’.
350 880 443 918 haec
464 885 508 918 ut
526 879 648 918 iratus
667 879 798 924 effudi,

13 935 18 948 ³
183 936 190 989 Ι
218 936 291 975 ‘illa
312 936 395 976 solo
416 936 514 975 fixos
535 935 670 975 oculos
691 947 821 974 aversa
842 935 1013 980 tenebat,

216 1005 290 1032 nec
309 992 432 1043 magis
451 992 610 1043 incepto
631 991 778 1030 vultum
801 1003 983 1030 sermone
1003 998 1180 1031 movetur

213 1061 328 1112 quam
352 1049 476 1088 lentae
497 1048 633 1088 salices
653 1048 798 1087 lassove
821 1060 1010 1099 papavera
1032 1048 1160 1087 collo.'

158 1118 231 1145 nec
262 1106 392 1145 minus
422 1117 493 1156 ego
524 1111 601 1144 tam
630 1105 741 1144 foeda
764 1103 1037 1155 obiurgatione
1059 1104 1168 1144 finita
1188 1104 1466 1156 paenitentiam

11 1148 159 1216 {agere
178 1163 370 1202 sermonis
391 1162 466 1201 mei
487 1162 598 1214 coepi
618 1166 848 1212 secretoque
869 1160 1015 1200 rubore
1034 1161 1240 1224 perfundi,
1270 1161 1375 1212 quod
1397 1161 1467 1200 ob-

12 1218 135 1262 litus
161 1219 419 1259 'verecundiae
450 1230 559 1257 meae
580 1230 669 1258 cum
691 1229 734 1257 ca
756 1224 865 1269 parte
886 1219 1064 1270 corporis
1084 1217 1200 1257 verba
1220 1217 1466 1264 contulerim

15 1316 18 1320 ,
44 1288 160 1328 quam
191 1289 242 1316 ne
271 1276 318 1315 ad
347 1275 612 1326 cognitionem
633 1273 789 1325 quidem
811 1274 1012 1313 admittere
1031 1274 1238 1314 severioris
1260 1280 1375 1314 notae
1395 1275 1465 1314 ho-

15 1335 22 1384 ,”
41 1333 167 1373 mines
196 1332 382 1372 solerent.
422 1344 512 1371 mox
543 1331 750 1383 perfricata
780 1330 926 1370 diutius
954 1332 1083 1370 fronte
1104 1331 1210 1382 ‘quid
1231 1337 1358 1370 autem
1380 1331 1467 1383 ego’

14 1389 202 1442 &inquam
224 1388 324 1428 ‘mali
345 1389 433 1435 feci,
455 1389 487 1428 si
507 1388 683 1427 dolorem
704 1399 835 1427 meum
853 1387 1019 1426 naturali
1036 1387 1212 1426 convicio
1229 1385 1466 1427 exoneravi?

12 1476 14 1478 -
44 1452 109 1486 aut
129 1445 221 1498 quid
243 1452 301 1485 est
322 1445 456 1508 quod
447 1458 488 1485 in
510 1456 677 1508 corpore
698 1444 870 1483 humano
891 1444 1018 1483 ventri
1032 1444 1132 1483 male
1150 1444 1280 1483 dicere
1297 1444 1466 1484 solemus

13 1509 109 1558 iant
138 1503 249 1556 gulae
280 1502 474 1554 capitique
504 1501 636 1547 etiam,
675 1512 765 1540 cum
796 1500 950 1552 saepius
980 1498 1114 1539 dolet?
1153 1498 1276 1551 quid?
1316 1513 1396 1539 non
1428 1507 1467 1539 et

12 1560 34 1610 [1
34 1553 171 1600 Vlixes
190 1571 279 1599 curn
301 1558 419 1597 corde
440 1558 562 1609 litigat
581 1570 674 1603 suo,
702 1558 708 1605 Ι
734 1563 773 1596 et
793 1556 949 1608 quidam
965 1557 1101 1608 tragici
1118 1557 1254 1596 oculos
1269 1569 1361 1596 suos
1377 1562 1465 1596 tan-

95 1628 156 1656 am
186 1615 388 1655 audientes
419 1612 634 1666 castigant?
666 1613 866 1665 podagrici
896 1612 1061 1664 pedibus
1091 1614 1172 1653 suis
1194 1613 1294 1653 male
1314 1613 1463 1660 dicunt,

11 1663 16 1679 ’
65 1673 247 1725 hiragrici
269 1670 463 1718 manibus,
485 1670 579 1723 lippi
601 1670 736 1716 oculis,
759 1675 798 1709 et
819 1669 885 1720 qui
908 1669 1159 1709 offenderunt
1175 1682 1291 1722 saepe
1308 1669 1464 1721 digitos,

14 1721 228 1782 {quiequid
247 1728 394 1768 doloris
413 1727 572 1775 habent,
594 1727 633 1766 in
655 1727 775 1778 pedes
795 1726 1001 1765 deferunt:

14 1789 15 1792 ’
39 1801 42 1804 ⁴
178 1787 184 1835 Ι
210 1785 302 1837 quid
324 1797 385 1823 me
407 1784 617 1824 constricta
637 1782 820 1835 spectatis
840 1783 971 1822 fronte
992 1782 1160 1822 Catones

265 1841 533 1904 damnatisque
553 1851 676 1879 novae
697 1839 954 1902 simplicitatis
976 1837 1103 1891 ορυε·7

205 1898 399 1939 sermonis
418 1897 506 1949 puri
529 1909 608 1936 non
630 1896 753 1935 tristis
772 1895 894 1947 gratia
915 1895 1028 1943 ridet,

264 1954 446 2006 quodque
467 1954 558 1993 facit
578 1952 761 2005 populus,
783 1951 945 1991 candida
965 1951 1098 2003 lingua
1119 1952 1260 2000 refert3

208 2024 297 2051 nam
319 2010 407 2062 quis
428 2009 673 2056 concubitus
696 2008 858 2048 Veneris
879 2008 966 2059 quis
986 2008 1123 2058 gaudia
1146 2005 1300 2048 nescit?

263 2067 350 2119 quis
372 2073 471 2106 vetat
491 2067 530 2106 in
554 2066 682 2118 tepido
705 2064 878 2104 membra
898 2065 1024 2104 calere
1046 2062 1163 2104 toro?

206 2125 290 2178 ipse
309 2130 421 2175 pater
441 2123 520 2162 veri
541 2122 677 2162 doctos
698 2121 892 2174 Epicurus
912 2133 1041 2160 amare

262 2181 373 2221 iussit
393 2187 432 2219 et
451 2180 526 2219 hoc
547 2180 662 2219 vitam
683 2178 778 2218 dixit
798 2177 943 2217 habere
963 2176 1101 2225 τέλος’

739 2249 761 2272 *

146 2291 154 2346 Ι
179 2294 289 2333 ‘nihil
310 2299 369 2333 est
390 2293 592 2332 hominum
614 2293 744 2344 inepta
766 2290 1019 2342 persuasione
1041 2289 1173 2329 falsius
1196 2300 1270 2328 nec
1292 2288 1379 2328 [icta
1398 2299 1461 2328 se-

37 2349 198 2390 veritate
219 2349 402 2402 ineptius'

10 1096 17 1114 l

735 2403 755 2426 *

146 2459 154 2515 Ι
180 2462 250 2502 hac
271 2461 552 2502 declamatione
575 2461 679 2500 linita
697 2460 836 2499 Gitona
857 2471 953 2498 voco
976 2465 1014 2497 et
1029 2462 1158 2497 ‘narra
1181 2456 1287 2496 mihi'
1302 2456 1461 2508 inquam
1495 2465 1574 2506 133

41 2517 184 2567 ‘fratem
201 2518 266 2559 sed
284 2524 349 2558 tua
365 2518 458 2558 fide:
476 2529 520 2557 ea
537 2523 665 2564 nocte,
684 2528 760 2568 qua
778 2521 816 2554 te
831 2514 1111 2566 mihiAscyltos
1121 2512 1320 2562 subduxit,
1336 2524 1461 2565 usque

149 2607 192 2641 20
205 2610 315 2640 autem
336 2617 399 2639 om.
416 2606 445 2639 L
460 2605 473 2649 11
492 2607 534 2639 28
547 2604 710 2648 spectatis
727 2603 909 2637 constricta
923 2602 1175 2645 tibriplerique
1193 2601 1206 2645 ΙΙ
1227 2593 1268 2636 33
1283 2603 1376 2645 petat
1392 2600 1404 2644 11
1423 2601 1466 2635 34

40 2649 161 2686 doctus
184 2650 347 2695 Epicurus
371 2653 404 2684 in
431 2655 501 2685 arte
526 2651 581 2684 vel
603 2659 679 2684 arce
697 2648 710 2693 η
730 2650 773 2684 35
798 2648 885 2682 hanc
910 2648 1014 2682 vitam
1038 2650 1074 2681 et
1095 2646 1179 2681 deos
1202 2647 1287 2679 libri
1305 2645 1466 2689 pler-mue

1144 2702 1194 2738 7*
