1728 2886
669 149 855 184 SATlRAE
1399 148 1477 186 101

22 264 295 318 carpionem‚
327 264 575 316 lacrimisque
605 264 774 304 ubertim
800 264 1049 304 manantibus
1071 264 1324 304 obscuratum
1345 263 1480 303 dextra

8 328 31 367 Ἄ
54 327 170 375 &aput
199 333 318 374 super
346 321 548 372 pulvinum
578 320 773 361 inclinavi.
821 333 893 360 nec
923 321 1054 361 minus
1083 321 1147 360 illa
1185 321 1277 360 fletu
1316 320 1479 360 confusa

19 418 22 422 ,
53 378 172 419 ultera
202 382 313 430 parte
342 377 474 417 lectuli
504 376 603 417 sedit
630 377 843 428 aetatisque
871 378 1012 429 longae
1033 389 1183 416 moram
1205 376 1382 417 tremulis
1410 389 1479 416 vo-

19 429 164 476 *cihus
183 435 314 486 coepit
334 445 528 481 accusare,
551 433 676 473 donec
697 433 908 473 intervenit
928 434 1123 473 sacerdos.

29 487 39 538 ᾗ
164 491 272 543 ‘quid
302 490 381 530 vos'
403 490 531 541 inquit
552 490 604 529 ‘in
636 489 773 530 cellam
802 501 929 529 meam
960 495 1149 540 tanquam
1176 491 1221 533 ad
1245 502 1385 531 recens
1405 491 1480 531 bu-

39 553 157 590 ‘stum
177 545 364 587 venistis?
390 545 397 598 1
424 546 560 597 utique
579 546 642 586 die
662 546 860 594 feriarum,
883 558 961 598 quo
984 546 1100 585 etiam
1124 546 1304 597 lugentes
1324 548 1481 589 rident.’

27 618 136 683 J'l‘o'
166 626 294 678 inquit
324 624 560 673 ‘Oenothea‚
599 625 705 664 hunc
744 625 1032 665 adulescentem
1070 637 1187 676 quem
1219 626 1341 665 vides:
1382 626 1484 666 malo
1553 622 1558 627 ’

32 681 34 683 ’
53 690 157 726 astro
188 688 303 722 natus
332 687 411 729 est3
444 693 533 720 nam
557 694 684 733 neque
706 693 828 734 puero
852 694 980 733 neque
1002 682 1156 734 puellae
1177 681 1281 721 bona
1301 694 1370 722 sua
1390 695 1484 722 ven-

43 738 151 781 ·dere
179 744 321 792 potest.
349 736 355 791 1
383 750 585 789 nunquam
617 744 658 778 tu
689 738 888 778 hominem
920 744 996 778 tam
1027 738 1226 778 infelicem
1248 738 1393 778 vidisti:
1425 739 1484 778 lo-

35 806 142 837 rum
174 796 214 836 in
246 807 358 847 aqua,
390 807 471 834 non
502 794 666 846 inguina
695 794 822 834 habet.
851 792 858 848 Ι
883 795 927 834 ad
951 807 1162 843 summam,
1194 795 1349 847 qualem
1372 802 1485 847 putas

57 865 162 900 esse,
193 853 260 904 qui
290 852 338 892 de
368 851 499 891 Circes
527 856 614 891 toro
645 851 730 891 sine
760 851 957 903 voluptate
987 849 1197 892 surrexit‘I'
1224 850 1230 904 Ι
1255 851 1316 892 his
1346 852 1486 892 auditis

19 952 25 958 v,
56 909 260 950 Oenothea
280 908 383 948 inter
402 914 614 959 utrumque
635 908 813 948 consedit
834 913 1019 960 motoque
1035 908 1181 948 diutius
1197 908 1322 961 capite
1338 908 1485 948 ‘istum’

46 961 185 1018 'inquit
214 964 407 1004 ‘morbum
439 965 518 1004 sola
549 977 635 1004 sum
667 977 766 1016 quae
796 965 1007 1004 emendare
1038 965 1132 1004 scio.
1175 970 1213 1004 et
1245 978 1294 1005 ne
1324 978 1383 1005 me
1411 978 1484 1018 pu-

19 1019 30 1048 .·
57 1023 146 1064 tetis
165 1021 349 1075 perplexe
365 1033 493 1071 agere,
515 1033 611 1073 rogo
629 1026 671 1060 ut
685 1021 1000 1061 adulescentulus
1017 1033 1169 1061 mecum
1187 1027 1303 1062 nocte
1321 1022 1486 1062 dormiat

5 1101 30 1160 Τ
59 1113 135 1154 nisi
156 1111 251 1152 illud
274 1117 351 1150 tam
374 1111 540 1161 rigidum
561 1110 767 1150 reddidero
789 1123 904 1162 quam
926 1123 1072 1150 cornu:

6 1165 37 1180 Τ
167 1167 175 1221 Ι
201 1167 387 1220 quicquid
408 1168 448 1206 in
471 1166 566 1207 orbe
586 1167 704 1215 vides,
725 1173 837 1219 paret
857 1168 966 1207 mihi.
1006 1167 1142 1207 florida
1162 1168 1289 1216 tellus,

200 1236 289 1264 oum
311 1224 412 1271 volo,
433 1223 588 1264 siccatis
607 1224 747 1263 arescit
769 1224 951 1276 languida
972 1224 1087 1272 sucis,

202 1293 290 1321 curn
311 1281 410 1328 volo,
432 1280 561 1320 fundit
581 1293 676 1332 opes
697 1281 930 1333 scopulique
952 1287 1068 1332 atque
1088 1281 1246 1321 horrida
1266 1293 1354 1322 saxa

201 1338 366 1378 Niliacas
387 1337 605 1377 iaculantur
625 1349 756 1389 aquas.
797 1338 892 1377 mihi
912 1342 1058 1390 pontus
1079 1337 1227 1378 inertes

200 1394 395 1435 submittit
415 1394 568 1442 fluctus,
590 1394 827 1447 zephyrique
849 1393 1018 1434 tacentia
1039 1401 1197 1446 ponunt

201 1457 292 1491 ante
312 1463 421 1490 meos
440 1463 510 1490 sua
531 1450 648 1490 flabra
671 1450 800 1502 pedes.
842 1450 935 1490 mihi
956 1450 1117 1490 flumina
1138 1458 1278 1503 parent

203 1507 484 1560 Hyrcanaeque
503 1507 623 1558 tigres
644 1512 683 1546 ot
702 1507 796 1547 iussi
817 1514 919 1546 stare
940 1508 1144 1548 dracones.

202 1564 294 1615 quid
316 1563 458 1603 leviora
478 1562 649 1614 loquor?
669 1563 785 1603 lunae
806 1563 1009 1603 descendit
1030 1563 1158 1616 imago

203 1619 442 1660 carminibus
462 1619 627 1659 deducta
647 1620 756 1668 meis,
778 1619 1034 1673 trepidusque
1054 1620 1231 1660 furentes

203 1678 359 1716 flectere
382 1675 563 1716 Phoebus
585 1688 706 1728 equos
727 1676 902 1716 revoluto
925 1677 1079 1728 cogitur
1099 1676 1206 1716 orbe.

203 1740 354 1773 tantum
375 1732 476 1772 dicta
495 1732 635 1772 valent.
677 1737 878 1772 taurorum
900 1733 1051 1772 flamma
1072 1733 1238 1785 quiescit

204 1789 386 1842 virgineis
407 1789 576 1828 extincta
596 1789 728 1837 sacris,
754 1789 947 1829 Phoebeia
970 1789 1082 1829 Circe

204 1845 442 1886 carminibus
462 1845 623 1896 magicis
642 1845 770 1886 socios
790 1845 951 1886 mutavit
971 1845 1101 1894 Vlixis,

203 1903 369 1942 Proteus
389 1914 474 1942 esse
494 1902 604 1949 solet,
627 1902 813 1954 quicquid
834 1902 938 1942 libet.
965 1903 1039 1942 ⁴his
1060 1914 1132 1954 ego
1153 1902 1299 1942 callens

202 1959 348 1999 artibus
368 1958 502 1998 Idaeos
523 1958 682 1998 frutices
702 1959 742 1998 in
765 1959 918 2011 gurgite
939 1958 1074 1998 sistam

202 2021 241 2056 et
259 2027 397 2055 rursus
417 2015 554 2055 fluvios
574 2015 614 2055 in
636 2027 790 2055 summo
811 2016 955 2055 vertice
977 2015 1146 2068 ponam’.

39 2111 43 2119 Ξ
175 2072 353 2112 inhorrui
374 2084 446 2124 ego
467 2077 543 2111 tam
566 2071 739 2112 fabulosa
760 2072 1042 2124 pollicitatione
1064 2071 1324 2120 conterritus,
1345 2082 1483 2111 anum·
1519 2065 1599 2107 135

24 2126 139 2181 {mue
159 2128 352 2181 inspicere
372 2128 597 2180 diligentius
621 2129 733 2180 coepi

37 2235 184 2293 ²2³·9ergo’
204 2240 392 2280 exclamat
412 2239 616 2280 Oenothea
638 2241 815 2294 ‘imperio
838 2241 984 2294 parete'

23 2278 300 2393 ἐξίει-εἰεᾳυθ
330 2296 484 2336 curiose
515 2297 694 2338 manibus
725 2298 925 2338 inclinavit
945 2310 986 2338 se
1006 2297 1045 2337 in
1068 2296 1255 2336 lectulum
1277 2307 1322 2336 ac
1342 2307 1405 2335 me
1426 2307 1488 2335 se·
1545 2322 1547 2325 ι

18 2388 20 2390 ,
46 2367 62 2390 πε
104 2351 141 2393 el
158 2353 379 2404 iterumque
405 2352 563 2394 basiavit
1392 2366 1399 2374 ⁴

0 2458 2 2462 '
51 2461 68 2508 j
177 2465 197 2497 2
221 2463 376 2507 pulvinar
396 2463 557 2507 plerique
572 2464 584 2508 ΙΙ
604 2467 623 2498 5
648 2464 702 2505 ad]
728 2467 805 2498 ante
823 2464 836 2508 ΙΙ
854 2467 872 2498 7
895 2466 1129 2507 praemissum
1161 2466 1200 2495 in
1231 2463 1260 2495 L
1284 2461 1488 2497 Proselenos

60 2506 108 2544 ud
130 2507 325 2542 Oenothean
355 2508 565 2543 sacerdotem
592 2509 711 2552 vPriapi
747 2509 752 2551 Ι
789 2509 883 2542 deest
912 2509 1053 2542 subleva
1087 2508 1143 2541 vel
1171 2508 1285 2541 simile
1310 2510 1489 2553 verbum„

65 2553 108 2589 18
130 2551 283 2592 sor-caeso
306 2553 472 2588 medicare
497 2554 510 2599 ΙΙ
540 2557 581 2589 14
606 2554 880 2588 adulescentulus
904 2557 983 2588 tuus
1007 2563 1139 2587 mecum
1164 2552 1310 2587 dormiat
1333 2554 1367 2587 ni
1391 2554 1488 2588 illum

63 2597 315 2641 Mser-anus
332 2598 346 2643 ΙΙ
364 2601 402 2634 17
429 2599 586 2643 spissatis
604 2601 631 2632 O
648 2600 660 2643 ΙΙ
678 2601 720 2633 22
745 2599 862 2634 leones
880 2599 908 2633 L
923 2598 936 2643 11
956 2601 996 2634 27
1017 2598 1243 2643 Phoebeaque
1261 2598 1289 2632 L
1305 2601 1317 2642 ΙΙ
1337 2601 1380 2634 29
1396 2599 1489 2633 valet

68 2641 224 2678 Wohlim
241 2646 254 2687 ΙΙ
270 2644 313 2678 30
337 2647 372 2677 et
395 2646 435 2678 31
461 2644 613 2684 fortasse
637 2645 769 2688 gurgite
795 2645 888 2688 ponti
914 2647 947 2678 el
971 2645 1089 2678 sistam
1113 2645 1126 2688 fl
1146 2645 1188 2678 35
1211 2655 1238 2678 e.
1263 2645 1329 2678 Ιιοο
1351 2644 1490 2685 frustu—
