1728 2886
189 144 270 183 182
796 145 1017 182 VARRONIS
1031 187 1033 189 ¹

854 260 890 300 X
926 263 950 304 3

93 333 150 375 190
324 327 391 367 sed
413 327 528 367 simul
548 328 732 368 manibus
752 261 1078 378 trahere(la)1nam‚
1114 342 1188 370 nec
1225 343 1306 370 non
1343 330 1462 371 simul
1497 332 1621 374 oculis

185 383 395 424 ohservare
417 384 532 424 ollam
552 385 684 438 pultis,
707 397 758 425 ne
779 385 964 425 aduratur

824 464 876 504 XI
898 466 984 516 (14)
1684 512 1686 515 ,

95 535 151 570 191
329 531 495 571 confluit
514 532 722 572 mulierum
742 538 822 572 tota
845 532 990 572 Roma:
1024 545 1124 585 quae
1146 538 1267 573 noctu
1288 533 1374 574 fieri
1395 533 1505 574 initia
1526 535 1619 576 soli-³

186 593 225 627 ta
247 587 365 628 etiam
386 601 494 628 nunc
515 588 630 641 pinea
652 590 736 630 faxs
756 589 902 629 indicat
924 643 928 647 .
1699 592 1701 594 ’

816 668 887 708 XII
908 669 996 719 (15)

91 740 153 775 192
321 741 431 788 rapta
451 748 472 776 a
494 736 629 776 nescio
652 749 730 788 quo
751 736 926 776 mulione
947 736 1116 789 raptoris
1137 736 1302 777 ramices
1324 737 1477 790 rumpit

820 815 910 855 XIII
932 817 990 865 (9)

97 888 152 922 193
325 887 458 922 utrum
481 883 585 923 oculi
605 883 700 923 mihi
722 883 984 933 caecufflunt,
1016 896 1064 923 an
1093 895 1166 936 ego
1187 884 1263 924 vidi
1284 896 1418 925 servos
1439 885 1480 925 in
1503 885 1621 927 armis
1680 894 1711 918 -’

186 944 327 979 contra
348 938 556 980 dominos?

804 1008 911 1048 XIIII
933 1005 993 1062 (7)

92 1082 149 1116 191
322 1076 436 1116 vilico
457 1076 560 1129 quod
581 1077 684 1116 hanc
705 1077 797 1117 satis
817 1076 849 1117 si
869 1076 930 1116 vix
950 1082 1093 1128 putant
1113 1077 1261 1118 lanium

156 1193 161 1196 .
824 1155 891 1195 XV
912 1156 970 1206 (5)
1699 1207 1702 1209 Α

92 1229 149 1263 195
323 1223 477 1264 Manius
498 1223 640 1264 Curius
668 1223 809 1263 consul
837 1226 880 1263 in
910 1222 1100 1275 Capitolio
1131 1235 1221 1263 cum
1251 1223 1435 1263 dilectum
1457 1223 1620 1264 haberet
1690 1222 1713 1279 5)

183 1292 258 1321 nec
279 1280 421 1321 citatus
441 1281 483 1320 in
503 1280 611 1320 tribu
635 1280 727 1321 civis
747 1279 1027 1332 respondisset,
1049 1280 1222 1320 vendidit
1241 1280 1515 1321 tenebrionem
1705 1282 1708 1291 '

804 1359 888 1399 XVI
909 1361 996 1410 (17)

93 1433 150 1467 196
322 1427 398 1468 hoc
434 1434 492 1468 est
526 1439 712 1480 magnum
749 1440 954 1468 censorem
991 1441 1076 1468 esse
1109 1439 1153 1467 ac
1191 1439 1272 1467 non
1294 1427 1452 1467 studere
1473 1427 1619 1468 multos
1680 1427 1712 1475 ξ·

183 1484 355 1525 aerarios
375 1486 504 1525 facere

811 1551 915 1591 XVII
935 1553 992 1602 (6)
1689 1595 1693 1598 ,
1714 1609 1715 1612 ¹

99 1625 156 1660 197
328 1627 450 1661 noctu
471 1621 599 1660 cultro
621 1620 826 1672 coquinari
862 1633 903 1660 se
924 1619 1097 1670 traiecit3
1135 1618 1312 1660 nondum
1350 1620 1454 1660 enim
1475 1621 1616 1662 invecti
1682 1622 1706 1638 ³

184 1683 297 1718 erant
318 1677 465 1718 cultelli
487 1674 731 1731 ἐμπαιστοί
751 1689 771 1716 e
793 1677 972 1729 Bithynia

791 1756 912 1796 xvm
934 1757 1019 1807 (18)

93 1831 150 1866 198
322 1830 436 1878 putas
457 1837 524 1865 eos
545 1837 627 1865 non
649 1824 765 1865 citius
785 1824 901 1864 tricas
917 1823 1112 1864 Atellanas
1133 1835 1250 1875 quam
1271 1823 1309 1863 id
1331 1821 1619 1864 extricaturos?
1679 1828 1697 1872 J

694 1959 844 1995 ΓΝΩΘῙ
867 1958 1111 1994 ΣΕΑῩΤΟΝ

856 2039 871 2078 l
910 2039 933 2080 3

92 2117 149 2151 199
893 2039 950 2148 fit)
957 2113 1160 2148 cremento
1182 2109 1349 2158 ccrpora

456 2166 597 2262 {ierem
618 2164 765 2205 maiora
788 2177 921 2218 parvo,
942 2170 987 2205 ut
1007 2169 1122 2205 suctu
1143 2163 1298 2203 candidi

472 2223 566 2262 actis

305 2347 368 2380 190
393 2345 438 2379 Ν.
458 2356 495 2390 p.
521 2346 587 2380 543
612 2343 688 2379 aula
722 2344 727 2389 1
759 2355 822 2379 nec
846 2346 927 2385 non]
954 2355 1001 2377 an
1025 2342 1160 2378 nendo?
1185 2341 1198 2388 11
1225 2344 1284 2377 191
1313 2340 1359 2376 Ν.
1377 2351 1415 2385 p.
1444 2342 1507 2377 112
1532 2339 1588 2374 sax
1614 2339 1620 2384 Ι

186 2392 259 2424 tota
285 2401 399 2425 oroma
425 2391 538 2425 codem
562 2391 727 2434 optimus,
747 2393 854 2435 putes
877 2393 1013 2424 caterva
1042 2389 1047 2434 1
1075 2388 1171 2422 initio
1195 2387 1418 2422 Riccoboum
1445 2385 1459 2431 11
1489 2387 1554 2421 192
1577 2384 1623 2419 Ν.
1662 2393 1676 2428 g

181 2445 220 2478 p.
249 2437 312 2470 166
337 2436 480 2472 ramices
508 2436 522 2480 11
554 2437 617 2471 193
642 2435 688 2470 Ν.
706 2447 746 2480 p.
771 2437 814 2471 86
839 2435 1048 2469 caecuttiunt
1079 2433 1086 2480 1
1119 2433 1210 2468 oculi
1241 2433 1309 2467 mei
1338 2433 1454 2466 codem
1477 2433 1589 2466 bonu:
1611 2430 1626 2475 11
1663 2435 1669 2456 ·'

189 2482 254 2514 194
279 2480 323 2514 Ν.
346 2492 380 2524 p.
407 2483 470 2516 337
497 2482 626 2516 lautum
654 2482 660 2525 1
687 2483 834 2525 requiro
868 2480 938 2514 tale
961 2479 1054 2525 quod
1078 2479 1215 2514 domino
1240 2478 1325 2513 satis
1357 2478 1413 2519 sit,
1445 2476 1513 2511 vix.
1560 2476 1625 2510 alii
1663 2488 1674 2524 χ

185 2525 279 2558 viIIci
305 2526 396 2570 quod
421 2527 547 2561 habent
570 2526 664 2570 satis,
690 2527 755 2561 sibi
779 2527 840 2560 vix
856 2525 868 2570 11
889 2528 952 2561 195
977 2525 1024 2560 Ν.
1047 2536 1084 2569 p.
1112 2526 1152 2560 19
1177 2523 1367 2558 nebulones
1391 2522 1405 2567 11
1433 2523 1497 2558 196
1520 2520 1624 2575 Mp.
1655 2555 1670 2567 „

188 2571 253 2605 190
278 2572 442 2605 aerarium
476 2574 480 2616 1
518 2574 580 2607 197
606 2572 652 2607 Ν.
670 2583 710 2616 p.
738 2574 801 2608 195
826 2571 933 2606 culter
965 2571 972 2616 1
1004 2571 1093 2605 enim
1118 2569 1200 2604 mihi
1224 2569 1363 2604 inventi
1382 2568 1388 2612 1
1409 2569 1589 2613 empestatl
1611 2566 1626 2611 11
1656 2575 1675 2613 ·ζ·’

182 2617 248 2650 198
272 2615 317 2650 Ν.
339 2627 374 2659 p.
401 2619 419 2652 8
446 2618 549 2652 tricae
1663 2639 1666 2641 Α

300 2663 364 2696 199
388 2662 433 2696 Ν.
452 2673 490 2706 p.
516 2665 581 2698 169
606 2665 706 2697 suctu
727 2661 732 2707 1
754 2672 857 2706 parva
882 2664 920 2696 ut
942 2662 1074 2705 Popma
