1728 2886
627 126 897 176 FRAGMENTA
1393 129 1474 181 113

717 254 804 295 XXI

166 321 364 362 Diomedes
384 324 426 362 in
447 330 529 363 arte
549 321 613 362 III
626 336 663 375 p.
685 321 770 363 518
790 323 909 363 Keilii
914 336 926 364 .-
958 329 996 363 et
1016 324 1110 364 illud
1132 324 1224 364 hinc
1244 331 1303 365 est
1323 337 1476 365 comma

51 377 157 431 quod
179 378 334 418 Arbiter
354 379 445 418 fecit
465 379 540 418 tale

380 438 492 475 ‘anus
513 441 666 475 recocta
686 435 778 474 vino

380 491 641 531 trementibus
660 491 821 531 labellis’

27 706 30 710 Ὺ
169 658 326 700 Servius
347 661 387 699 in
406 667 527 699 artem
547 659 693 701 Donati
707 674 746 713 p.
765 657 860 707 432,
881 657 940 700 22
952 658 1094 700 Keilii:
1116 660 1208 699 item
1227 659 1399 706 Quirites
1419 660 1477 700 di-

41 716 107 756 ·cit
134 727 299 755 numero
329 722 480 755 tantum
511 716 664 768 plurali.
715 717 780 757 sed
811 717 977 769 legimus
1006 716 1107 769 apud
1139 716 1342 756 Horatium
1372 717 1478 757 hunc

26 772 269 820 'Quiritem‚
303 778 344 811 ut
374 772 423 812 sit
454 773 715 813 nominativus
745 774 808 813 hie
839 773 982 820 Quiris.
1042 773 1132 812 item
1163 773 1266 813 idem
1295 773 1479 814 Horatius

27 824 41 886 9⁴
56 829 156 880 ‘quis
177 834 215 868 te
237 829 453 876 Quiritem.
439 827 471 857 ‘⁷’
501 830 611 869 cuius
641 830 903 870 nominativus
931 829 1006 870 erit
1023 829 1089 869 hic
1110 829 1293 878 Quirites,
1324 836 1368 870 ut
1388 830 1480 870 dicit

55 885 265 925 Petronius

0 961 36 1002 la
172 941 374 994 Pompeius
395 944 435 980 in
456 948 661 982 commento
682 944 779 982 artis
796 942 943 983 Donati
956 956 996 994 p.
1016 938 1110 988 167,
1130 939 1159 982 9
1173 941 1228 982 K.
1250 955 1366 982 nemo
1388 942 1481 983 dicit

0 994 28 1063 ἐξ
53 997 134 1037 hic
155 997 338 1044 Quirites’
360 997 427 1037 sed
449 998 499 1036 hi
522 998 718 1046 Quirites’,
740 998 829 1038 licet
849 998 1058 1050 legerimus
1078 999 1165 1038 hoo.
1206 999 1353 1051 legite
1343 1012 1383 1039 m
1406 1000 1481 1039 Pe—

0 1048 25 1118 'ij
54 1054 201 1102 tronio‚
232 1061 270 1094 et
290 1054 495 1094 invenietis
523 1054 571 1093 de
593 1055 832 1094 nominativo
862 1055 1052 1107 singulari
1071 1055 1148 1094 hoe
1168 1055 1326 1095 factum.
1371 1062 1409 1096 et
1429 1056 1482 1096 ait

6 1122 29 1154 4
57 1110 267 1151 Petronius
287 1110 364 1150 hic
385 1110 568 1157 Quirites'

171 1177 317 1217 Quirites
339 1188 409 1221 pro
431 1176 569 1217 Quiritis
594 1180 825 1210 commentum
846 1179 1166 1220 grammaticorum

0 189 35 226 ,ἢὲ

0 218 31 302 5}ss

0 409 33 451 δὲ

710 1279 833 1319 XXIII

171 1349 443 1399 grammaticus
465 1348 508 1387 de
528 1347 651 1388 dubiis
671 1347 892 1388 nominibus
906 1360 946 1400 p.
968 1344 1064 1394 578,
1085 1345 1142 1387 23
1161 1347 1218 1388 K:
1249 1349 1392 1388 fretum
1415 1361 1483 1402 ge-

12 1402 15 1413 ”
59 1404 165 1444 neris
186 1403 316 1443 neutri
337 1410 375 1443 et
396 1403 601 1456 pluraliter
620 1405 729 1453 freta,
752 1411 795 1444 ut
815 1404 1024 1444 Petronius
1045 1404 1155 1444 ‘freta
1177 1404 1399 1445 Nereidum’

15 1484 23 1506 γ
174 1469 219 1510 cs:
251 1469 334 1503 freta
360 1469 522 1504 Nereides
552 1472 591 1503 in
623 1472 782 1504 carmine
813 1470 934 1504 adlato
966 1482 987 1503 a
1012 1470 1181 1504 Diomede
1214 1470 1271 1503 III
1291 1482 1329 1514 p.
1361 1472 1428 1505 517
1452 1476 1487 1505 et

30 1516 249 1550 Victorino
273 1515 329 1548 III
350 1515 370 1548 7
393 1526 426 1558 p.
454 1516 519 1549 114

683 1584 826 1624 XXIIII
835 1582 856 1606 *

12 1630 37 1723 ἓ
175 1651 433 1705 Hieronymus
463 1655 504 1692 in
535 1652 695 1705 epistula
724 1652 774 1693 ad
801 1651 1077 1691 Demetriadem
1111 1650 1246 1691 CXXX
1266 1649 1322 1692 19
1340 1665 1380 1705 p.
1402 1649 1486 1694 995

66 1708 268 1749 Vallarsii:
290 1709 580 1749 cincinnatulos
599 1721 745 1760 pueros
766 1714 805 1748 et
826 1707 1106 1748 calamistratos
1127 1713 1166 1747 et
1185 1709 1384 1761 peregrini
1399 1722 1486 1749 mu-

65 1765 120 1806 ris
142 1765 293 1806 olentes
314 1766 528 1818 pelliculas,
550 1765 597 1805 de
618 1765 760 1816 quibus
782 1764 876 1804 illud
897 1763 1043 1804 Arbitri
1063 1770 1122 1804 est

31 1830 34 1831 ’
364 1827 458 1862 non
482 1822 584 1862 bene
605 1822 684 1861 olet
705 1821 771 1873 qui
792 1821 894 1861 bene
914 1833 1071 1884 semper
1092 1820 1197 1870 olet’,

24 1878 175 1933 quasi
198 1879 381 1931 quasdam
402 1885 532 1932 pestes
552 1884 591 1918 et
610 1890 760 1917 venena
782 1877 991 1930 pudicitiae
1013 1877 1118 1929 virgo
1141 1877 1284 1918 devitet

84 1988 112 2030 f
166 1945 267 2024 1.ήέὶί
280 1956 349 2031 pslo
366 1945 491 2024 Assrbitri
508 1955 570 1979 ms.
590 1944 826 1978 cisterciense.
871 1942 1049 1976 Martialis
1065 1943 1124 1976 ille
1140 1953 1260 1976 versus
1277 1947 1328 1976 est
1345 1944 1382 1976 Il
1396 1943 1450 1988 12,
1467 1944 1489 1977 4

60 2000 84 2023 c
130 2001 193 2034 cap
257 2001 280 2034 p
363 1994 377 2024 1

714 2055 846 2096 XXV*

180 2126 403 2180 Fulyentius
431 2125 704 2191 mytholoyicon
725 2121 813 2164 119
836 2137 876 2177 p
898 2121 955 2165 80
983 2124 1026 2164 de
1048 2122 1286 2164 Prometheo:
1317 2123 1492 2175 quamvis

67 2183 308 2236 Nicagoras.
365 2183 566 2235 ,primum
597 2181 704 2221 illum
735 2182 924 2221 formasse
955 2180 1100 2220 idolum
1132 2180 1285 2229 referat,
1316 2186 1356 2220 et
1386 2181 1489 2232 quod

63 2241 209 2280 vulturi
237 2241 346 2280 iecur
361 2238 571 2291 praebeat,
599 2237 731 2278 livoris
762 2238 871 2289 quasi
900 2237 1036 2289 pingat
1056 2236 1278 2288 imaginem.
1327 2237 1431 2303 unde
1454 2243 1492 2277 et

13 2295 15 2299 ’
69 2296 279 2337 Petronius
299 2295 454 2336 Arbiter
475 2296 528 2335 ait

393 2353 474 2404 ‘qui
494 2352 624 2392 vultur
645 2351 754 2390 iecur
774 2350 955 2390 intimum
976 2354 1153 2401 pererrat

395 2416 433 2449 et
453 2416 592 2462 peetus
612 2407 729 2447 trahit
750 2406 987 2458 intimasque
1007 2405 1136 2452 fibras,

396 2478 476 2505 non
499 2471 558 2505 est
579 2475 695 2517 quem
715 2463 834 2515 lepidi
854 2468 995 2502 vocant
1014 2467 1164 2514 poetae,

397 2522 464 2562 sed
487 2522 615 2562 cordis
634 2520 749 2567 mala,
770 2519 867 2559 livor
887 2525 1002 2571 atque
1023 2517 1148 2558 luxus'

162 2597 264 2620 versu
289 2590 306 2621 1
333 2587 386 2620 eui
412 2587 497 2620 libri
517 2588 522 2627 Ι
544 2586 698 2620 ultimum
723 2585 863 2618 Medius
880 2586 892 2629 {l
910 2587 929 2620 2
963 2583 1073 2628 querit
1097 2586 1216 2628 pectus
1246 2584 1330 2617 libri
1345 2586 1495 2626 praetor

70 2631 228 2666 codicem
251 2632 412 2666 Danielis
429 2632 441 2676 ΙΙ
460 2634 479 2666 3
504 2632 610 2677 tepidi
636 2632 720 2664 libri
736 2630 749 2675 ΙΙ
767 2632 788 2665 4
810 2630 897 2664 mala
924 2641 990 2664 om.
1017 2628 1100 2662 libri

144 2686 276 2716 Petronii
294 2688 402 2716 satirae
425 2687 472 2716 ed.
492 2687 531 2715 111
1203 2686 1222 2720 8
