1780 2892
716 181 900 216 SATlRAE
1461 179 1482 217 1
1489 179 1512 217 9

35 298 262 338 zoaccensa
303 304 339 337 et
380 297 462 349 ipsa
498 295 666 337 surrexit
702 300 1006 347 correptumque
1035 294 1175 334 Gitona
1210 294 1250 334 in
1289 293 1512 334 cubiculum

98 355 224 395 traxit.

210 410 296 451 sine
326 409 443 449 dubio
474 421 555 449 non
585 414 872 461 repugnaverat
899 419 1017 459 puer,
1048 419 1092 446 ac
1124 419 1173 445 ne
1203 406 1331 458 puella
1356 405 1512 458 quidem

99 467 219 507 tristis
239 471 444 518 expaverat
462 465 686 517 nuptiarum
707 476 866 504 nomen.
907 464 1037 515 itaque
1057 475 1146 502 cum
1166 463 1306 502 inclusi
1326 463 1510 511 iacerent,

50 532 70 566 5
99 523 346 564 consedimus
366 528 455 562 ante
475 522 591 561 limen
614 521 779 570 thalami,
801 525 839 560 et
859 520 899 559 in
920 520 1057 571 primis
1078 518 1264 565 Quartilla
1284 531 1354 570 per
1373 519 1510 558 rimam

96 580 274 632 improbe
305 579 498 618 diductam
527 578 766 630 applicuerat
789 576 945 616 oculum
966 576 1164 615 curiosum
1185 575 1391 626 lusumque
1412 587 1510 626 pue-

95 635 205 675 rilem
243 635 446 675 libidinosa
483 634 757 687 speculabatur
793 632 1001 685 diligentia.
1042 643 1103 671 me
1143 643 1300 682 quoque
1330 632 1375 671 ad
1406 632 1508 671 idem

94 692 358 744 spectaculum
379 691 483 731 lenta
503 702 621 730 manu
642 690 778 737 traxit,
806 695 844 729 et
865 689 953 740 quia
975 687 1306 728 considerantium
1328 688 1508 727 cohaese-

93 755 184 788 rant
211 748 361 795 vultus,
393 747 577 799 quicquid
597 759 617 786 a
637 746 860 799 spectaculo
880 745 1058 793 vacabat,
1088 743 1358 784 commovebat
1381 743 1508 783 obiter

0 807 1 817 ¹
26 811 64 846 10
93 804 197 844 labra
218 810 257 844 et
276 817 339 844 me
358 809 543 855 tanquam
562 803 712 843 furtivis
732 801 898 843 subinde
918 801 1060 841 osculis
1079 800 1307 840 verberabat

788 873 810 898 *

0 884 3 987 ἔ
47 927 75 960 L
227 914 234 969 Ι
260 915 397 956 abiecti
417 916 456 955 in
479 916 587 956 lectis
607 916 690 956 sine
710 921 815 955 metu
835 915 1022 966 reliquam
1046 913 1244 964 exegimus
1265 917 1421 952 noctem

786 985 808 1010 *

0 988 3 1023 μ
45 1038 80 1072 11
224 1025 231 1081 Ι
255 1034 413 1067 venerat
440 1029 514 1067 iam
544 1028 680 1067 tertius
701 1028 801 1076 dies,
831 1026 870 1066 id
890 1031 949 1067 est
969 1024 1185 1077 expectatio
1206 1024 1350 1065 liberae
1372 1037 1504 1074 cenae,

88 1083 156 1124 sed
184 1090 242 1123 tot
270 1083 496 1124 vulneribus
527 1084 718 1124 confossis
748 1085 838 1134 suga
867 1082 988 1134 magis
1018 1081 1214 1134 placebat,
1245 1092 1360 1132 quam
1383 1082 1502 1132 quies.

87 1140 216 1192 itaque
246 1153 334 1180 cum
363 1141 499 1180 maesti
529 1140 850 1187 deliberaremus,
881 1150 1052 1191 quonam
1082 1149 1227 1190 genere
1256 1143 1503 1189 praesentem

22 1203 59 1238 15
87 1197 315 1237 evitaremus
343 1197 574 1249 procellam,
613 1209 717 1236 unus
747 1208 880 1236 servus
910 1193 1213 1246 Agamemnonis
1243 1193 1503 1246 interpellavit

86 1253 323 1306 trepidantes
344 1259 383 1292 et
403 1252 537 1304 ‘quid?
557 1249 636 1293 vos'
655 1253 783 1304 inquit
805 1252 987 1299 ‘nescitis,
1008 1250 1123 1290 hodie
1144 1251 1246 1301 apud
1268 1262 1385 1302 quem
1405 1249 1500 1290 fiat?

86 1308 339 1357 Trimalchio,
369 1309 607 1350 lautissimus
626 1310 765 1357 homo,
796 1308 1042 1359 horologium
1071 1307 1111 1346 in
1137 1306 1307 1346 triclinio
1330 1312 1368 1346 et
1388 1306 1500 1346 buci-

86 1370 260 1406 natorem
290 1366 405 1406 habet
434 1366 711 1414 subornatum,
741 1372 786 1405 ut
814 1365 979 1405 subinde
999 1364 1112 1411 sciat,
1143 1368 1330 1414 quantum
1353 1363 1400 1402 de
1424 1363 1499 1402 vita

85 1422 319 1474 perdiderit’.
355 1423 557 1462 amicimur
586 1435 679 1475 ergo
711 1422 918 1473 diligenter
947 1420 1055 1460 obliti
1086 1419 1261 1459 omnium
1293 1419 1497 1469 malorum,

17 1485 56 1519 20
83 1484 123 1518 et
142 1477 280 1518 Gitona
305 1478 557 1519 libentissime
586 1479 722 1518 servile
753 1478 926 1518 officium
952 1481 1127 1516 tuentem
1149 1488 1272 1527 usque
1290 1476 1367 1515 hoc
1386 1475 1497 1516 iube-

82 1545 169 1575 mus
189 1534 229 1575 in
249 1535 384 1574 balnea
406 1535 528 1586 sequi.
570 1548 642 1575 nos
662 1535 818 1574 interim
838 1533 965 1574 vestiti
985 1544 1115 1572 errare
1135 1532 1336 1584 coepimus
1511 1533 1564 1574 27

83 1590 201 1630 immo
232 1590 349 1630 iocari
379 1592 502 1642 magis
522 1597 560 1630 et
580 1591 735 1631 circulis
756 1586 984 1646 [ludentem]
1005 1588 1215 1637 accedere,
1246 1600 1334 1628 cum
1366 1588 1495 1629 subito

17 1644 92 1699 HLl
113 1646 285 1687 videmus
314 1660 448 1687 senem
478 1647 650 1695 calvum,
681 1648 812 1687 tunica
841 1646 1019 1686 vestitum
1050 1656 1196 1693 russea,
1226 1644 1331 1684 inter
1351 1657 1495 1697 pueros

85 1702 284 1754 capillatos
312 1704 508 1744 ludentem
538 1704 628 1755 pila.
669 1715 743 1743 nec
773 1709 850 1743 tam
882 1702 994 1754 pueri
1024 1714 1117 1749 nos,
1149 1713 1383 1753 quamquam
1414 1707 1496 1741 erat

15 1762 54 1796 25
83 1770 224 1811 operae
252 1760 435 1812 pretium,
465 1759 511 1799 ad
540 1760 804 1812 spectaculum
826 1760 1035 1806 duxerant,
1067 1769 1182 1809 quam
1204 1757 1286 1809 ipse
1306 1763 1417 1809 pater
1437 1759 1493 1797 fa-

80 1815 226 1862 miliae,
257 1816 324 1867 qui
354 1816 522 1856 soleatus
546 1816 622 1868 pila
644 1816 800 1868 prasina
822 1814 1087 1855 exercebatur.
1129 1826 1203 1853 nec
1223 1813 1387 1866 amplius
1410 1826 1493 1854 eam

79 1871 278 1923 repetebat
306 1884 405 1923 quae
436 1878 577 1911 terram
607 1873 842 1923 contigerat,
877 1872 944 1911 sed
974 1870 1104 1910 follem
1136 1869 1296 1922 plenum
1325 1870 1494 1910 habebat

77 1938 210 1967 servus
247 1928 540 1980 sufficiebatque
578 1928 816 1968 ludentibus.
857 1927 1075 1967 notavimus
1113 1926 1230 1966 etiam
1263 1938 1327 1966 res
1357 1939 1488 1967 novas.

78 1995 168 2023 nam
187 1984 264 2023 duo
285 1985 478 2036 spadones
498 1985 536 2024 in
560 1985 707 2025 diversa
729 1990 836 2036 parte
857 1983 991 2023 circuli
1012 1983 1180 2031 stabant,
1202 1995 1369 2034 quorum
1392 1983 1488 2023 alter

74 2039 264 2080 matellam
283 2040 441 2081 tenebat
460 2047 703 2093 argenteam,
726 2042 823 2080 alter
844 2039 1071 2080 numerabat
1091 2039 1206 2091 pilas,
1229 2051 1309 2079 non
1331 2039 1488 2091 quidem

77 2107 142 2136 eas
161 2108 257 2148 quae
278 2097 381 2137 inter
402 2109 539 2137 manus
559 2098 645 2138 lusu
668 2098 886 2150 expellente
906 2095 1130 2143 vibrabant,
1153 2095 1219 2135 sed
1242 2108 1305 2135 eas
1326 2108 1424 2147 quae
1445 2096 1485 2136 in

31 2157 216 2194 literram
246 2153 488 2193 decidebant.
528 2166 616 2194 cum
641 2154 711 2194 has
731 2166 823 2206 ergo
847 2154 1076 2192 miraremur
1105 2152 1288 2199 lautitias,
1316 2150 1322 2204 Ι
1349 2164 1485 2192 accur-

74 2207 125 2248 rit
144 2208 341 2250 Menelaus
361 2216 400 2249 et
420 2210 505 2249 ‘hic
525 2210 605 2250 est'
625 2211 754 2262 inquit
775 2210 894 2262 ‘apud
917 2221 1033 2261 quem
1055 2208 1228 2248 cubitum
1250 2209 1424 2259 ponetis,
1448 2215 1486 2248 et

75 2264 229 2317 quidem
260 2266 333 2305 iam
364 2266 601 2318 principium
632 2279 752 2306 cenae
783 2265 948 2306 videtis'.
991 2271 1028 2304 et
1048 2265 1125 2304 iam
1147 2277 1227 2303 non
1253 2264 1485 2315 loquebatur

16 2359 18 2362 ,
75 2318 271 2362 Menelaus
292 2334 379 2362 cum
407 2322 413 2375 Ι
439 2322 672 2362 Trimalchio
694 2323 833 2374 digitos
850 2322 1100 2373 concrepuit,
1132 2321 1179 2359 ad
1200 2321 1303 2371 quod
1328 2321 1484 2373 signum

73 2378 262 2418 matellam
297 2379 416 2431 spado
456 2379 604 2419 ludenti
642 2379 818 2419 subiecit.
859 2384 1067 2418 exonerata
1098 2377 1160 2416 ille
1189 2377 1314 2417 vesica
1344 2389 1483 2429 aquam

73 2435 250 2487 poposcit
286 2436 334 2475 ad
373 2447 532 2484 manus,
570 2435 789 2487 digitosque
824 2434 1023 2487 paululum
1054 2434 1258 2485 adspersos
1287 2433 1326 2474 in
1358 2434 1481 2486 capite

70 2491 182 2544 pueri
201 2492 322 2532 tersit.

181 2579 199 2613 8
224 2579 402 2615 haeserant
418 2580 432 2624 11
450 2581 489 2614 12
523 2580 746 2612 scribendum
781 2582 814 2612 et
849 2578 1039 2622 expectatio
1070 2579 1140 2611 nisi
1164 2579 1248 2611 haee
1271 2579 1481 2621 epitomator-

68 2621 235 2668 &didita
254 2626 296 2660 20
329 2628 393 2661 hoc
415 2625 618 2658 mutilatum
642 2626 783 2658 videtur
799 2625 812 2667 ΙΙ
830 2626 868 2658 21
898 2623 1017 2657 balneo
1035 2624 1047 2667 ΙΙ
1066 2625 1107 2657 26
1140 2623 1218 2666 quia
1243 2623 1278 2655 H
1303 2623 1316 2666 ΙΙ
1332 2623 1374 2656 32
1398 2632 1479 2665 ergo

71 2677 136 2702 om.
158 2667 186 2702 L
203 2669 216 2712 ΙΙ
234 2671 276 2704 34
300 2672 379 2716 quid
403 2672 468 2704 iam
489 2669 496 2714 Ι
516 2671 698 2704 etiamnum
723 2670 921 2710 Schefferus
938 2669 950 2712 ss
968 2670 1010 2702 36
1036 2668 1215 2712 supposuit
1239 2667 1268 2701 L

1161 2724 1208 2757 2*
