1728 2886
231 106 312 146 130

229 220 388 265 concepti
413 221 456 255 33
477 220 574 263 pulle·
596 223 635 254 in
659 223 735 254 ovis

229 265 503 309 conceptissimis
513 266 637 300 iuravit
649 266 762 301 verbis
772 267 834 303 113
847 267 911 302 133

231 313 357 346 honum
383 314 478 345 tuum
511 321 704 356 concoquas
731 314 771 347 75
821 312 912 346 sicco

276 356 460 400 concoquit
484 366 542 391 ore
561 356 685 392 famem
704 359 746 393 82
794 358 912 403 plagas

278 401 421 435 concoxi
449 403 512 437 105

230 447 265 481 in
290 446 494 481 conductum
518 447 707 483 accucurrit
732 450 753 483 9

231 492 427 536 congemuit
451 493 494 528 23
520 495 584 528 100

231 538 430 572 consiliator
453 538 593 573 deorum
620 541 661 574 76

229 584 347 617 vinum
373 586 444 617 erat
469 586 584 618 contra
610 594 730 618 aurum
755 586 799 619 76

228 628 301 672 fugi
326 632 487 672 tanquam
521 639 607 674 copo
641 630 844 673 compilatus
869 631 912 664 62

229 674 405 708 corcillum
419 675 575 719 estquod
590 676 760 709 hominem
774 675 856 710 facit
870 678 911 710 75

228 719 409 754 corneolus
432 720 496 754 fuit
520 722 563 754 43

231 766 356 809 quibus
381 768 462 809 pra'e
487 765 575 800 mala
600 776 660 800 sua
687 775 810 800 cornua
837 775 913 800 nas-

275 812 396 844 cuntur
412 812 455 845 39
482 814 549 844 tam
566 810 712 855 rigidum
726 821 827 856 quam
841 821 913 845 cor-

274 866 319 889 nu
347 857 411 890 134

229 900 428 945 corymbion
456 903 519 936 110

228 946 414 980 recorrexit
437 950 551 980 costas
575 947 666 982 illius
681 947 850 982 vindemia
869 949 910 982 43

229 992 412 1026 cruciarius
441 993 503 1027 112

230 1037 395 1071 cubitoria
420 1039 623 1071 vestimenta
650 1039 693 1072 30

229 1082 285 1116 hic
309 1085 361 1117 est
385 1082 475 1126 apud
501 1093 602 1126 quem
627 1083 778 1117 cubitum
808 1094 912 1128 pone-

275 1127 319 1162 tis
345 1130 385 1162 27
434 1128 570 1172 reposui
596 1129 746 1163 cubitum
772 1130 815 1164 65

229 1183 295 1207 non
320 1176 466 1217 possunt
484 1174 570 1208 bene
588 1174 680 1208 olere
696 1174 753 1229 qui
777 1175 813 1208 in
829 1175 911 1209 culi-

274 1228 316 1252 na
342 1218 496 1253 habitant
522 1221 542 1253 2

227 1263 360 1298 Athana
394 1264 455 1298 tibi
488 1264 571 1298 irata
597 1265 642 1299 sit
666 1266 790 1300 curabo
815 1268 911 1300 simi-

275 1311 391 1353 lesque
409 1321 477 1353 per
494 1311 560 1343 lzoc
571 1312 717 1344 verbum
733 1313 912 1346 minaciae

277 1357 320 1390 58
347 1357 390 1390 69
416 1358 459 1390 74

229 1400 329 1435 facile
353 1404 406 1434 est
430 1401 487 1435 ubi
513 1401 624 1435 omnia
650 1400 812 1445 quadrata
838 1412 911 1436 cur-

274 1450 354 1480 runt
380 1447 423 1481 43

228 1536 388 1580 daphnon
415 1537 479 1571 126

228 1581 441 1616 defunctorio
466 1581 534 1616 ictu
555 1582 619 1617 136
669 1581 829 1626 apodixin
853 1582 910 1616 de-

274 1627 475 1661 functoriam
504 1628 567 1662 132

229 1673 345 1714 venies
363 1672 426 1706 sub
444 1672 580 1707 dentem
594 1675 638 1708 58
686 1682 773 1718 aqua
791 1672 911 1708 dentes

274 1718 378 1752 habet
402 1718 446 1752 42

228 1763 535 1807 depraesentiarum
561 1765 604 1798 74
629 1764 672 1797 58

230 1808 337 1843 satius
372 1812 425 1842 est
448 1808 548 1842 rideri
573 1819 674 1853 quam
700 1808 842 1843 derideri
866 1810 907 1844 61

275 1863 338 1888 nec
363 1857 474 1888 tamen
508 1853 625 1888 derisit
658 1855 701 1888 62
750 1864 830 1897 ergo
854 1864 908 1888 me

275 1899 412 1933 derisit?
439 1901 503 1934 100

229 1945 320 1979 soles
332 1947 391 1978 'me
408 1948 508 1979 nocte
526 1944 723 1979 desomnem
742 1944 852 1978 facere
866 1946 907 1978 47

230 1991 286 2034 qui
303 1993 337 2024 te
354 1990 483 2033 primus
501 1989 649 2024 deurode
667 1990 748 2024 fecit
765 1991 807 2025 58
832 1998 910 2024 cor—

273 2038 418 2079 ruptum

166 2078 172 2085 '
228 2081 416 2115 deversitor
433 2082 474 2116 95
499 2077 699 2122 πανδοχεύς
722 2090 806 2114 anus
823 2080 909 2114 inter

275 2126 503 2161 deversitores
526 2126 734 2169 ingurgitata
760 2127 802 2160 79

228 2172 295 2206 cito
321 2171 360 2205 fit
377 2171 468 2215 quod
485 2171 518 2204 di
536 2171 656 2205 volunt
669 2172 713 2205 76
737 2170 907 2214 quomodo

275 2217 329 2250 vel
338 2216 621 2261 quemadmodum
631 2215 665 2250 di
676 2216 795 2250 volunt
809 2218 850 2251 61
866 2218 907 2250 76

230 2262 333 2296 diaria
361 2264 405 2296 24
429 2265 471 2296 75

228 2307 438 2351 dignitossus
463 2309 504 2342 57

229 2353 362 2396 dispare
386 2353 528 2396 pallavit
551 2354 594 2388 46

230 2398 447 2441 gaudimonio
483 2401 548 2432 aut
584 2397 746 2432 felicitate
780 2397 911 2432 dissilio

229 2487 342 2522 divina
368 2490 388 2521 6
411 2499 499 2532 saga
546 2488 712 2522 divinatio
733 2490 794 2524 117
821 2488 909 2521 divt-

274 2544 402 2566 norum
426 2545 487 2567 ars

229 2578 396 2613 destinavi
443 2579 537 2613 illum
595 2578 727 2614 artificii
774 2578 906 2620 docere,

274 2634 475 2668 praeconem
500 2626 557 2657 aut
583 2624 790 2659 causidicum
815 2625 858 2658 46

875 108 1008 144 INDEX

933 615 937 619 ·
981 605 1190 649 elegidarion
1216 609 1293 642 109

965 2180 1043 2212 λῐιοη
1068 2180 1105 2204 es
1130 2174 1264 2204 nostrae
1289 2170 1414 2206 fasciae
1438 2172 1481 2206 46

980 223 1091 256 aratro
1115 221 1305 257 domefacta
1331 225 1432 260 tellus
1451 227 1494 262 99
1511 225 1573 269 (cti
1585 226 1714 265 ΑῙι.;’··”

1024 266 1135 300 Ιίἰθείἰ
1156 267 1233 311 726,
1255 268 1313 312 31)
1662 274 1715 315 ζῇ

982 312 1093 356 qualis
1118 312 1286 355 dominus,
1323 314 1402 349 talis
1428 317 1463 349 et
1486 325 1604 351 servus
1618 314 1699 356 58²3

980 358 1015 392 in
1033 356 1270 393 domusionem
1286 358 1418 395 litteras
1432 359 1534 396 didici
1549 363 1592 396 48
1618 361 1681 403 ad<

1027 402 1260 438 domusionem
1285 405 1329 439 46
1665 419 1670 431 ²

980 447 1059 482 lanx
1084 449 1222 484 donaria
1246 451 1289 485 59

982 559 1126 595 effluunt
1149 561 1266 595 vinum
1290 562 1473 607 amphorae
1498 566 1538 599 71

982 651 1137 694 ellipsis:
1165 652 1250 686 haec
1274 654 1430 688 mentula
1456 656 1500 690 24
1524 653 1571 696 cll
1598 657 1663 692 132

1026 696 1061 730 in
1096 697 1203 741 primo
1238 697 1377 738 ferculo
1403 701 1445 735 66
1489 702 1666 744 quattuor-
1669 699 1717 743 ²0³1

1027 741 1137 776 decim
1174 743 1317 777 ordines
1349 746 1389 779 in
1425 747 1565 780 theatro
1598 743 1717 790 126’,,.Ῡ’

1028 787 1102 821 cani
1127 789 1242 822 crines
1268 790 1332 824 126
1381 801 1464 826 coco
1499 801 1582 826 coco
1605 791 1661 832 l'a-
1675 798 1717 840 [3

1027 834 1143 867 ciebas
1167 836 1210 869 59
1258 844 1322 878 ego
1356 838 1390 870 et
1423 839 1459 871 tu
1484 837 1663 880 sponsiun—
1681 838 1694 858 Τ

1026 878 1136 912 culam
1165 879 1344 919 faciamus
1375 882 1417 916 58
1464 882 1564 926 posui
1594 892 1687 917 non*

1026 924 1135 968 magis
1151 934 1206 959 me
1231 925 1416 970 occisurus,
1441 937 1547 971 quam
1560 926 1678 972 Giton„
1713 941 1718 969 -5

1027 968 1176 1004 facturus
1193 973 1272 1004 erat
1290 972 1353 1007 108
1378 972 1527 1007 nondum
1541 972 1673 1008 Caesar

1026 1017 1098 1048 erat
1122 1017 1235 1049 victus
1256 1017 1318 1051 123
1364 1028 1463 1051 more
1478 1020 1610 1053 usitato
1622 1020 1678 1052 ire-

1025 1062 1214 1103 sponsione
1239 1063 1282 1096 70

981 1106 1228 1140 embasicoetas
1254 1108 1298 1141 24
1322 1108 1364 1141 26

980 1150 1067 1185 bene
1092 1161 1180 1195 emo,
1204 1152 1291 1186 hene
1316 1152 1426 1188 vendo
1454 1156 1497 1188 75

980 1196 1059 1240 quia
1085 1197 1175 1230 enim
1201 1199 1241 1232 51
1658 1210 1686 1238 ,ἒ
1711 1209 1718 1223 ³

980 1241 1117 1286 epulum
1142 1242 1218 1276 dedi
1242 1242 1268 1276 11
1292 1241 1449 1278 denarios
1475 1245 1514 1278 71
1544 1245 1586 1278 45

979 1297 1151 1331 nunquam
1176 1288 1241 1322 nisi
1258 1288 1292 1322 in
1317 1288 1534 1341 equestribus
1557 1288 1682 1331 sedeo--f
1716 1288 1717 1291 ’

979 1380 1032 1411 est
1050 1380 1083 1412 te
1099 1378 1239 1412 videre?
1266 1379 1306 1413 67
1327 1389 1416 1414 nunc
1430 1382 1504 1414 erat
1521 1380 1661 1414 submit-
1670 1395 1679 1411 a

1024 1427 1094 1457 tere
1121 1425 1184 1458 126
1680 1454 1682 1458 .

979 1469 1227 1502 excatarissasti
1253 1479 1307 1503 me
1333 1471 1376 1504 67
1402 1481 1424 1503 a
1441 1469 1686 1517 καθαρίζων-ζ
1713 1470 1715 1472 ’

979 1514 1214 1557 exopinissare
1238 1516 1281 1548 62

978 1558 1122 1593 frontem
1149 1559 1392 1603 expudoratam
1418 1561 1461 1595 39
1668 1583 1672 1586 »

979 1614 996 1637 a
1015 1614 1051 1638 se
1069 1605 1159 1638 exire
1174 1607 1216 1639 90
1241 1605 1306 1648 exi,
1325 1605 1442 1640 defero
1457 1605 1602 1640 lamnam
1616 1606 1671 1646 58,

1024 1650 1120 1684 ocius
1145 1650 1236 1684 foras
1261 1650 1314 1684 exi
1339 1653 1383 1686 94
1668 1656 1671 1658 ’

979 1695 1106 1729 exitum
1131 1695 1242 1730 facere
1266 1697 1286 1730 2
1311 1697 1353 1730 45

980 1741 1173 1775 exsibilavit
1197 1743 1241 1775 64

979 1795 1142 1820 exsonare
1169 1789 1209 1821 16
1237 1788 1277 1821 19
1305 1788 1368 1822 109
1393 1786 1439 1827 cll
1465 1787 1507 1821 73

979 1897 1090 1933 omnia
1104 1898 1146 1932 ad
1163 1908 1199 1932 se
1217 1898 1369 1933 fecerunt
1382 1900 1424 1934 38
1450 1898 1532 1933 fecit
1547 1908 1672 1933 assem?

1023 1945 1062 1978 61
1092 1943 1202 1978 facere
1217 1946 1346 1978 meiere
1363 1945 1406 1978 62
1429 1945 1468 1977 in
1484 1945 1590 1978 rebus
1605 1955 1659 1978 vo-

1021 1990 1133 2022 neriis
1157 1991 1198 2023 45
1226 1991 1266 2024 87
1314 1989 1354 2024 fit
1370 1992 1520 2024 cenatur
1543 1991 1587 2024 26
1610 1990 1658 2024 sa·

1022 2034 1129 2068 ciatur
1153 2036 1191 2068 71
1219 2035 1297 2068 saxo
1322 2035 1438 2069 sciatis
1464 2037 1506 2070 95
1672 2059 1681 2081 4

977 2079 1114 2158 factqn?
1139 2090 1206 2114 non
1230 2080 1344 2114 fabula
1364 2081 1406 2115 76
1432 2084 1592 2124 tanquam
1609 2079 1677 2126 ιιὶιιἸ

1021 2125 1055 2159 hi
1106 2125 1171 2158 acti
1199 2127 1241 2160 76

978 2214 1126 2250 fastosus
1153 2217 1213 2249 131
1264 2216 1345 2250 mihi
1370 2215 1494 2251 fastum
1515 2214 1678 2251 tacitas

980 2260 1089 2294 malus
1114 2260 1204 2294 satus
1227 2263 1271 2295 42
1297 2264 1338 2296 71
1386 2261 1478 2296 satus
1501 2271 1597 2296 meus
1613 2263 1670 2298 775:

980 2306 1088 2340 crevit
1112 2308 1271 2350 tanquam
1296 2306 1393 2341 savus
1418 2308 1460 2342 43
1487 2308 1529 2341 76
1663 2337 1666 2339 ,

980 2362 1048 2386 non
1065 2352 1227 2385 accersito
1258 2352 1439 2387 ferrumine
1465 2354 1528 2387 102
1575 2360 1656 2389 anu·
1659 2361 1673 2385 ρ

1025 2396 1094 2430 lum
1117 2406 1255 2431 aureum
1280 2397 1397 2432 ferreis
1420 2397 1516 2432 velut
1547 2398 1612 2432 stel
1627 2397 1660 2407 ”’

1026 2442 1279 2476 ferruminatum
1305 2444 1347 2477 32
1394 2442 1560 2487 ponticuli
1592 2438 1664 2477 fer-¹·
1669 2455 1673 2490 j

1023 2487 1181 2521 ruminati
1207 2489 1245 2522 31
1651 2500 1667 2534 5,

977 2531 1196 2576 Hermogenis
1222 2532 1344 2568 filicem
1371 2534 1412 2568 45
1460 2533 1576 2575 filiam
1591 2535 1670 2573 ἰηι,υ

1016 2579 1164 2621 probam
1659 2589 1662 2590 ’

974 2623 1170 2667 ingeniosus
1196 2625 1306 2665 estet
1330 2623 1420 2658 bono
1445 2622 1506 2658 filo
1531 2624 1574 2658 46
