1728 2886
136 523 213 566 139

130 2232 208 2271 140

252 124 272 162 1
280 124 332 163 06
864 126 1065 163 PETRONn

249 241 453 293 amplecti:
483 241 647 282 forsitan
680 242 824 282 rediret
853 242 928 282 hoc
960 255 1104 296 corpus
1134 245 1181 284 ad
1211 244 1312 286 vires
1342 252 1380 286 et
1401 247 1682 299 resipiscerent

248 304 381 349 partes
411 298 623 348 veneficio,
654 299 797 348 credo,
828 299 990 351 sopitae.
1033 313 1106 341 nec
1137 313 1199 341 me
1230 304 1491 344 contumeliae
1512 305 1678 350 lassant:

249 353 354 405 quod
384 354 612 396 verberatus
642 368 751 404 sum,
783 356 938 405 nesci03
971 357 1075 408 quod
1106 358 1252 399 eiectus
1281 371 1389 409 sum,
1420 360 1549 403 lusum
1570 371 1680 417 puto.

247 411 365 450 modo
387 411 514 451 redire
536 412 576 451 in
598 412 760 465 gratiam
782 412 909 453 liceat'

956 485 976 508 ᾖε

358 529 490 564 torum
512 527 709 578 frequenti
730 527 964 567 tractatione
985 528 1139 576 vexavi,
1161 528 1304 568 amoris
1325 529 1401 569 mei
1423 532 1533 582 quasi
1554 545 1682 585 quan-

247 580 333 620 dam
356 581 567 634 imaginem

954 656 975 678 *

451 701 547 736 ‘non
570 697 695 737 solum
717 709 780 736 me
801 709 948 736 numen
972 703 1012 736 et
1032 697 1274 749 implacabile
1300 699 1419 739 satum

450 754 715 805 persequitur.
757 753 867 805 prius
888 753 1045 793 Inachia
1067 754 1296 807 Tirynthius
1316 768 1384 795 ora

451 810 664 862 exagitatus
685 823 786 850 onus
807 810 903 850 caeli
925 810 1026 858 tulit,
1048 817 1139 850 ante
1161 813 1366 864 profanam

451 867 676 906 Laomedon
699 867 845 919 gemini
867 867 1017 907 satiavit
1038 868 1213 909 numinis
1233 869 1342 917 iram,

450 923 643 964 Iunonem
666 924 790 964 Pelias
810 924 946 971 sensit,
967 924 1056 964 tulit
1077 925 1225 966 inscius
1246 938 1351 966 arma

450 981 648 1033 Telephus
669 987 707 1020 et
728 993 897 1032 regnum
917 981 1092 1033 Neptuni
1113 983 1217 1034 pavit
1238 983 1378 1024 Vlixes.

450 1050 512 1077 me
535 1050 692 1090 quoque
713 1050 785 1091 per
804 1044 941 1086 terras,
962 1050 1034 1090 per
1055 1039 1142 1078 cani
1164 1039 1313 1080 Nereos
1334 1052 1483 1093 aequor

451 1094 755 1147 Hellespontiaci
776 1095 956 1146 sequitur
975 1095 1102 1146 gravis
1122 1095 1178 1135 ira
1200 1096 1340 1149 Priapi'

953 1167 974 1189 ⁷1<

359 1219 548 1258 quaerere
578 1221 597 1247 a
621 1207 762 1248 Gitone
792 1221 881 1248 meo
912 1209 1039 1260 coepi,
1072 1222 1167 1249 num
1199 1210 1339 1262 aliquis
1368 1223 1431 1250 me
1451 1211 1677 1263 quaesisset.

245 1263 388 1303 ‘nemo’
410 1264 538 1316 inquit
566 1265 706 1305 ‘hodie.
740 1266 806 1305 sed
829 1266 1015 1305 hesterno
1037 1265 1098 1305 die
1119 1267 1261 1306 mulier
1281 1268 1468 1319 quaedam
1491 1268 1593 1308 haud
1615 1269 1678 1309 in-

245 1321 347 1360 culta
377 1321 533 1362 ianuam
565 1322 742 1371 intravit,
774 1335 942 1374 cumque
973 1322 1038 1362 diu
1070 1335 1223 1363 mecum
1255 1331 1357 1365 esset
1386 1325 1517 1365 locuta
1548 1332 1587 1365 et
1614 1338 1677 1366 me

243 1378 432 1418 accersito
454 1391 637 1419 sermone
658 1380 858 1427 lassasset,
891 1379 1026 1419 ultimo
1049 1380 1180 1433 coepit
1200 1380 1350 1430 dicere,
1371 1387 1410 1421 te
1433 1394 1576 1422 noxam
1596 1395 1678 1423 me-

243 1434 368 1475 ruisse
398 1435 658 1488 daturumque
688 1436 847 1475 serviles
876 1448 1044 1488 poenas,
1076 1437 1108 1476 si
1138 1437 1269 1478 laesus*
1284 1438 1323 1479 in
1348 1438 1521 1490 querella
1541 1452 1676 1492 perse·

243 1492 424 1532 verasset’

946 1548 967 1570 *

357 1605 534 1646 nondum
567 1605 780 1658 querellam
810 1605 1008 1655 finieram,
1047 1619 1138 1646 cum
1169 1607 1325 1660 Chrysis
1353 1607 1567 1649 intervenit
1595 1621 1676 1649 am-

242 1662 441 1714 plexuque
463 1663 696 1703 effusissimo
718 1663 940 1710 mejnvasit
962 1669 1001 1702 et
1022 1667 1152 1704 ‘teneo
1175 1663 1225 1704 te’
1247 1664 1377 1716 inquit
1397 1665 1564 1717 ‘qualem
1585 1678 1674 1719 spe-

241 1731 439 1759 raveram:
461 1725 503 1759 tu
524 1719 759 1760 desiderium
780 1731 911 1760 meum
925 1752 934 1767 ‚
955 1726 998 1759 tu
1019 1721 1197 1773 voluptas
1217 1732 1314 1770 mea,
1337 1734 1542 1774 nunquam
1561 1723 1675 1764 finies

242 1776 348 1816 hunc
369 1776 515 1828 ignem,
538 1777 613 1817 nisi
633 1777 826 1828 sanguine
853 1777 1078 1816 extinxeris'

949 1848 970 1871 ak

355 1902 459 1929 unus
489 1901 535 1929 ex
568 1890 730 1930 noviciis
758 1891 923 1931 servulis
952 1890 1082 1931 subito
1105 1891 1276 1930 accurrit
1296 1890 1450 1930 etmihi
1470 1891 1675 1932 dominum

242 1947 491 1987 iratissimum
524 1959 608 1986 esse
639 1947 865 1996 affirmavit,
897 1947 1002 1999 quod
1032 1947 1152 1987 hiduo
1183 1947 1257 1987 iam
1289 1947 1418 1987 officio
1450 1947 1673 1989 defuissem.

243 2009 350 2043 recte
371 2016 465 2056 ergo
488 2015 549 2043 me
570 2004 778 2052 facturum,
800 2004 831 2043 si
854 2004 1145 2044 excusationem
1166 2004 1335 2056 aliquam
1357 2005 1538 2045 idoneam
1558 2017 1673 2058 prae-

242 2072 454 2112 parassem.
498 2060 559 2100 vix
580 2061 684 2100 enim
709 2074 825 2113 posse
847 2062 944 2109 fieri,
965 2068 1009 2101 ut
1030 2060 1158 2101 rabies
1179 2061 1384 2102 irascentis
1404 2061 1491 2106 sine
1511 2062 1673 2103 verbere

241 2117 463 2158 consideret
943 2172 965 2197 t

354 2237 532 2270 matrona
548 2231 651 2271 inter
667 2231 813 2283 primas
829 2231 1007 2279 honesta,
1029 2231 1241 2270 Philomela
1259 2231 1432 2279 nomine,
1454 2244 1554 2284 quae
1570 2232 1675 2272 mul-
1704 2228 1707 2233 ’

243 2293 300 2327 tas
321 2300 438 2340 saepe
458 2288 694 2328 hereditates
714 2288 844 2328 officio
867 2288 1001 2328 aetatis
1023 2294 1259 2336 extorserat,
1281 2294 1364 2328 tum
1385 2301 1489 2329 anus.
1505 2294 1542 2329 et
1563 2288 1671 2329 floris

242 2345 424 2392 extincti,
455 2344 577 2384 filium
608 2345 804 2397 filiamque
833 2344 1038 2396 ingerebat
1067 2344 1173 2384 orbis
1199 2345 1379 2393 senibus,
1410 2352 1447 2385 et
1477 2357 1550 2398 per
1568 2345 1671 2386 hanc

242 2402 532 2442 successionem
562 2408 684 2442 artem
715 2414 825 2442 suam
854 2401 1128 2455 perseverabat
1159 2402 1382 2442 extendere.
1423 2415 1467 2442 ea
1498 2414 1592 2454 ergo
1622 2402 1670 2443 ad

359 2549 373 2580 1
401 2547 643 2581 reviviscerent
665 2547 824 2581 Batavus
847 2549 978 2590 aliquis
1006 2546 1018 2592 11
1049 2549 1068 2582 5
1092 2547 1275 2581 iactatione
1305 2548 1590 2590 langermannus
1611 2546 1624 2591 ΙΙ
1649 2548 1668 2581 8

242 2591 289 2624 ira
314 2592 326 2635 ΙΙ
355 2594 396 2627 10
427 2595 465 2624 in
491 2593 590 2626 libris
613 2593 747 2635 legitur
765 2596 848 2636 post
875 2595 911 2628 11
944 2592 956 2638 ΙΙ
988 2594 1029 2627 12
1053 2593 1143 2626 cavit
1168 2593 1423 2635 Scaligeranus
1445 2591 1457 2636 ΙΙ
1483 2593 1524 2627 27
1548 2595 1670 2635 potius

241 2647 475 2681 praepararem
492 2639 504 2682 ΙΙ
524 2640 566 2672 30
591 2637 786 2672 Philomena
815 2638 1071 2682 Scaliger-anus
1091 2638 1103 2681 fl
1129 2639 1169 2673 31
1197 2642 1310 2672 tamen
1335 2647 1418 2672 anus
