1728 2886
103 1143 184 1183 112

226 118 277 158 78
844 123 1047 159 ΡΕΤΒΟΝΠ

224 236 394 275 eundem
427 248 512 276 esse
539 237 684 277 exitum
709 234 807 292 [sed]
830 245 870 278 et
890 239 993 279 idem
1014 240 1278 289 domicilium,
1309 249 1348 282 et
1367 249 1495 284 cetera
1517 245 1699 296 quibust.

224 293 470 333 exulceratae
500 299 653 334 mentes
679 296 724 334 ad
748 296 955 336 sanitatem
976 303 1224 337 revocantur.
1266 304 1305 338 at
1324 299 1388 339 illa
1407 300 1542 353 ignota
1563 314 1661 342 con·
1686 311 1691 325 ¹

223 350 415 389 solatione
437 362 624 401 percussa
644 351 826 392 laceravit
847 354 1118 394 vehementius
1139 360 1278 406 pectus
1298 361 1515 410 ruptosque
1531 358 1662 399 crines

223 418 345 458 super
374 418 521 458 corpus
551 407 713 448 iacentis
743 409 943 461 imposuit.
986 423 1067 450 non
1089 411 1252 451 recessit
1273 417 1402 453 tamen
1428 414 1561 462 miles,
1592 416 1658 455 sed

223 464 358 503 eadem
397 464 670 504 exhortatione
700 467 904 518 temptavit
933 466 1025 507 dare
1055 468 1310 510 mulierculae
1341 469 1494 519 cibum,
1534 471 1661 512 donec
1687 477 1702 512 t

222 520 362 560 ancilla
393 520 472 560 vini
503 527 610 562 certe
631 521 680 561 ab
703 535 749 562 eo
771 524 892 563 odore
914 531 1099 577 corrupta
1120 525 1291 577 primum
1313 526 1396 578 ipsa
1418 528 1593 580 porrexit
1612 529 1660 568 ad
1695 527 1701 556 ³

221 577 506 617 humanitatem
526 578 725 619 invitantis
744 580 884 620 victam
905 593 1087 631 manum,
1109 582 1252 622 deinde
1273 584 1418 623 refecta
1439 584 1602 637 potione
1621 592 1661 625 et

222 634 310 674 cibo
342 646 570 686 expugnare
601 632 782 676 do⁴minae
811 638 1069 689 pertinaciam
1100 639 1231 691 coepit
1257 645 1296 679 et
1317 640 1437 692 “quid
1459 641 1660 693 proderit”

219 691 349 743 inquit
370 691 472 730 “hoc
493 692 585 740 tibi,
613 693 645 732 si
667 693 793 732 soluta
815 694 943 733 inedia
964 695 1106 743 fueris,
1127 695 1159 735 si
1181 701 1219 735 te
1240 696 1363 736 vivam
1384 697 1605 750 sepelieris,
1627 699 1659 739 si
1700 700 1701 738 J

219 755 430 799 antequam
452 749 527 787 fata
549 755 727 800 poscant,
749 750 1019 790 indemnatum
1041 751 1224 803 spiritum
1245 752 1461 794 effuderis?
1689 752 1703 796 l

423 804 461 843 id
484 805 658 845 cinerem
681 811 748 846 aut
767 818 903 847 manes
925 808 1053 848 credis
1073 809 1222 849 sentire
1239 808 1444 862 sepultos?
1687 817 1701 833 ‘²

217 860 274 899 vis
295 866 337 899 tu
355 860 616 901 reviviscere?
637 863 693 903 vis
710 863 886 904 discusso
905 865 1086 905 muliebri
1102 877 1251 915 errore,
1274 878 1390 918 quam
1408 867 1657 918 diminuerit,

218 916 318 956 lucis
348 918 566 958 commodis
595 918 703 959 frui?
733 921 863 972 ipsum
885 928 923 960 te
945 922 1109 963 iacentis
1130 935 1276 975 corpus
1296 924 1508 964 admonere
1528 924 1656 974 debet,
1699 927 1703 978 ζ

218 979 262 1013 ut
290 973 431 1014 vivas''.
473 988 590 1015 nemo
621 976 766 1017 invitus
796 978 922 1025 audit,
954 991 1042 1018 cum
1075 980 1230 1031 cogitur
1260 986 1326 1020 aut
1347 980 1476 1020 cibum
1499 993 1655 1022 sumere
1695 1002 1703 1024 v2

217 1037 284 1070 aut
313 1031 455 1071 vivere.
497 1033 627 1085 itaque
658 1034 800 1074 mulier
821 1035 969 1087 aliquot
990 1036 1142 1076 dierum
1162 1036 1400 1077 abstinentia
1421 1038 1523 1078 sicca
1545 1050 1657 1090 passa
1685 1035 1705 1088 iq

218 1093 277 1127 est
305 1087 433 1140 frangi
463 1090 720 1141 pertinaciam
751 1104 884 1140 suam,
916 1105 991 1132 nec
1021 1094 1152 1134 minus
1183 1093 1291 1133 avide
1321 1094 1484 1146 replevit
1503 1107 1545 1135 se
1567 1095 1654 1135 cibo
1695 1095 1702 1134 ὲ,

215 1156 333 1196 quam
355 1144 509 1194 ancilla,
532 1159 631 1198 quae
653 1149 764 1199 prior
785 1148 883 1188 victa
905 1155 975 1189 est.
1017 1156 1191 1190 ceterum
1214 1151 1342 1199 scitis,
1365 1151 1458 1202 quid
1479 1151 1654 1203 plerum-
1695 1174 1703 1201 .1

215 1213 292 1252 que
322 1202 445 1242 soleat
473 1208 664 1256 temptare
692 1205 904 1245 humanam
925 1207 1156 1247 satietatem.
1197 1206 1343 1259 quihus
1363 1206 1561 1249 blanditiis
1574 1208 1653 1248 im·

213 1263 435 1310 petraverat
465 1260 596 1309 miles,
629 1267 671 1301 ut
700 1268 881 1302 matrona
903 1263 1017 1303 vellet
1039 1265 1185 1312 vivere,
1217 1264 1340 1304 isdem
1362 1264 1478 1304 etiam
1502 1265 1652 1317 pudici·
1693 1274 1703 1313 ἢ

213 1314 305 1354 tiam
338 1316 421 1355 eius
451 1328 659 1368 aggressus
690 1325 760 1358 est.
814 1332 887 1359 nec
919 1320 1106 1361 deformis
1136 1326 1202 1360 aut
1232 1321 1472 1362 infacundus
1501 1321 1654 1363 iuvenis
1680 1316 1705 1375 ἢ

215 1378 342 1411 castae
362 1372 584 1421 videbatur,
615 1376 852 1415 conciliante
873 1377 1035 1427 gratiam
1057 1378 1198 1417 ancilla
1219 1390 1264 1418 ac
1285 1378 1454 1418 subinde
1475 1377 1649 1419 dicente:
1679 1375 1703 1420 *Ji

692 1433 916 1484 “placitone
937 1434 1051 1473 etiam
1072 1434 1267 1487 pugnabis
1288 1433 1442 1474 amori?
1686 1431 1703 1495 {s

327 1498 402 1526 nec
422 1487 530 1527 venit
549 1488 589 1527 in
613 1494 807 1537 mentem,
837 1502 1005 1541 quorum
1028 1491 1254 1532 consederis
1274 1489 1428 1532 arvis‘I''
1688 1490 1702 1547 δ”

214 1543 306 1594 quid
338 1543 483 1583 diutius
513 1543 677 1584 moror?
717 1559 766 1586 ne
796 1547 900 1586 hanc
931 1547 1087 1599 quidem
1118 1554 1269 1600 partem
1300 1547 1480 1601 corporis
1509 1547 1651 1588 mulier

213 1599 422 1649 abstinuit,
454 1601 657 1654 victorque
687 1603 799 1643 miles
828 1609 1043 1656 utrumque
1072 1605 1277 1657 persuasit.
1318 1605 1526 1645 iacuerunt
1554 1616 1650 1657 ergo

214 1668 292 1696 una
323 1670 404 1697 non
437 1663 588 1698 tantum
620 1659 684 1699 illa
716 1666 853 1709 nocte,
886 1673 961 1712 qua
992 1661 1150 1713 nuptias
1170 1662 1371 1708 fecerunt,
1402 1662 1468 1702 sed
1490 1666 1649 1714 postero

213 1713 328 1753 etiam
359 1726 404 1754 ac
435 1715 552 1755 tertio
583 1716 667 1764 die,
709 1717 925 1769 praeclusis
955 1718 1133 1758 videlicet
1163 1718 1373 1759 conditorii
1402 1717 1575 1766 foribus,
1606 1723 1650 1758 ut
1689 1753 1702 1801 ἦ

212 1770 391 1822 quisquis
421 1783 468 1810 ex
499 1772 603 1812 notis
632 1773 857 1826 ignotisque
881 1775 927 1814 ad
949 1781 1252 1815 monumentum
1272 1775 1462 1824 venisset,
1492 1780 1651 1827 putaret
1691 1808 1703 1813 ,,

212 1827 409 1879 expirasse
425 1841 546 1880 super
561 1842 708 1882 corpus
723 1831 792 1870 viri
810 1831 1102 1883 pudicissimam
1118 1845 1294 1872 uxorem.
1326 1837 1501 1872 ceterum
1517 1831 1647 1872 delec-
1690 1805 1702 1867 l

210 1889 313 1924 tatus
333 1884 444 1925 miles
465 1891 503 1925 et
523 1887 647 1926 forma
668 1888 844 1928 mulieris
865 1894 904 1928 et
923 1894 1089 1936 secreto,
1111 1889 1299 1940 quicquid
1319 1888 1414 1929 boni
1435 1900 1509 1941 per
1524 1888 1646 1928 facul-

210 1946 309 1980 tates
339 1947 515 1993 poterat,
547 1944 750 1984 coemebat
779 1951 818 1985 et
848 1945 973 1996 prima
993 1945 1121 1985 statim
1144 1951 1260 1985 nocte
1280 1945 1321 1985 in
1343 1950 1647 1986 monumentum

210 1997 373 2038 ferebat.
423 1999 554 2051 itaque
594 2002 711 2041 unius
751 2002 934 2042 cruciarii
972 2007 1158 2054 parentes
1189 2008 1231 2042 ut
1269 2002 1453 2042 viderunt
1481 2003 1645 2042 laxatam

211 2055 440 2105 custodiam,
463 2058 667 2098 detraxere
688 2065 805 2098 nocte
825 2059 1063 2111 pendentem
1080 2071 1347 2111 supremoque
1361 2059 1648 2099 mandaverunt

211 2112 355 2152 officio.
397 2119 435 2152 at
455 2113 566 2154 miles
586 2115 908 2168 circumscriptus
928 2116 1021 2155 dum
1042 2116 1203 2165 desidet,
1224 2121 1268 2156 ut
1288 2121 1448 2167 postero
1469 2115 1531 2155 die
1550 2115 1645 2155 vidit
1685 2137 1688 2143 n

210 2180 330 2208 unam
361 2170 447 2210 sine
479 2172 665 2212 cadavere
696 2184 875 2220 crucem,
908 2173 1051 2212 veritus
1081 2173 1340 2225 supplicium,
1372 2172 1528 2213 mulieri
1549 2171 1643 2224 quid

210 2226 414 2267 accidisset
434 2229 618 2280 exponit:
650 2242 724 2269 nec
746 2242 787 2269 se
809 2235 1106 2282 expectaturum
1126 2230 1266 2270 iudicis
1286 2230 1545 2278 sententiam,
1575 2229 1644 2269 sed
1667 2239 1676 2251 ‘

211 2282 339 2334 gladio
361 2284 422 2324 ius
442 2285 637 2325 dicturum
660 2286 834 2338 ignaviae
855 2299 961 2326 suae.
993 2286 1262 2326 commodaret
1277 2298 1372 2339 ergo
1388 2287 1451 2327 illa
1466 2285 1644 2339 perituro
1676 2322 1680 2324 ,

327 2454 341 2485 1
371 2452 513 2486 eandem
539 2463 615 2487 esse
639 2453 766 2496 sedem,
791 2453 881 2487 idem
904 2455 957 2487 sic
979 2453 1055 2494 fere
1077 2454 1268 2486 Ber-nensis
1286 2454 1336 2496 114
1360 2463 1462 2496 super
1486 2455 1606 2496 pectus
1629 2453 1642 2498 ll
1674 2499 1675 2502 Ἰ

211 2497 231 2530 6
256 2500 347 2530 certe
373 2498 414 2530 ab
440 2508 481 2531 eo
507 2502 571 2531 aul
595 2499 690 2533 certfi
713 2499 799 2532 abeo
825 2499 921 2542 quod
942 2500 982 2531 in
1009 2499 1036 2531 0
1060 2498 1245 2540 legebatur
1269 2500 1390 2531 omisit
1405 2498 1456 2532 L:
1481 2501 1640 2532 nectareo

207 2541 233 2574 J.
243 2541 288 2575 F.
303 2542 502 2576 Gronovius
519 2544 531 2588 ΙΙ
552 2546 589 2578 11
618 2554 734 2578 curare
757 2545 952 2578 secundum
970 2544 1169 2586 Vergilium
1194 2545 1279 2577 libri
1299 2545 1410 2587 pauci
1425 2543 1438 2588 ΙΙ
1459 2545 1499 2579 13
1524 2543 1638 2585 debet]

206 2590 322 2630 potest
345 2587 375 2620 L
403 2588 415 2631 ΙΙ
447 2590 489 2622 23
515 2591 649 2623 omittit
669 2590 888 2632 florilegium
922 2589 935 2634 ΙΙ
963 2590 1006 2624 28
1031 2592 1185 2632 putasset
1200 2589 1213 2634 ΙΙ
1232 2591 1275 2623 32
1300 2589 1439 2623 cruciati
1464 2589 1641 2623 lohannes
1672 2595 1676 2604 ·’

206 2631 485 2667 saresberiensis
502 2634 515 2678 ΙΙ
533 2636 577 2668 34
601 2635 727 2669 residet
754 2635 869 2680 01137
896 2636 990 2678 ergo]
1015 2634 1117 2668 modo
1142 2635 1227 2668 libri
1251 2636 1377 2678 optimi
