1728 2886
703 137 889 173 SA‘rmAE
1462 140 1512 177 51

28 256 160 298 Unon
191 254 251 294 dei
265 254 287 292 ’.
315 252 321 307 Ι
348 253 450 292 idem
490 258 529 292 et
559 252 735 293 Scintilla
773 252 872 291 flens
910 253 1007 293 dixit
1045 265 1090 293 ac
1130 265 1201 305 per
1229 253 1391 306 genium
1431 254 1515 295 eius

76 310 216 351 Gaium
236 309 471 362 appellando
492 321 631 360 rogare
648 308 790 360 coepit,
810 314 855 347 ut
869 321 911 348 se
927 310 1140 361 frangeret.
1172 322 1252 349 non
1270 310 1399 350 tenuit
1413 311 1514 350 ultra

77 367 254 408 lacrimas
284 365 519 405 Trimalchio
558 371 596 405 et
626 364 769 417 ‘rogo’
800 365 930 416 inquit
959 365 1185 414 ‘Habinna,
1226 366 1282 406 sic
1314 367 1512 418 peculium

76 429 188 464 tuum
209 422 460 462 fruniscaris:
482 422 515 462 si
536 421 627 472 quid
650 432 857 473 perperam
877 422 964 469 feci,
987 422 1026 461 in
1050 422 1187 462 faciem
1208 435 1335 462 meam
1356 423 1511 475 inspue.

23 487 51 522 5.
75 491 243 533 puerum
275 478 414 519 basiavi
445 478 772 530 frugalissimum,
803 489 885 517 non
916 483 1081 530 propter
1110 479 1291 527 formam,
1323 479 1391 519 sed
1422 480 1512 532 quia

37 572 49 582 ,
74 537 178 589 frugi
209 541 287 576 est:
319 536 452 575 decem
477 541 608 586 partes
628 534 742 582 dicit,
773 533 918 573 librum
941 534 989 573 ab
1012 534 1126 574 oculo
1148 535 1260 587 legit,
1291 536 1511 576 thraecium

73 592 149 633 sihi
178 592 226 632 de
257 592 390 631 diariis
420 591 531 638 fecit,
562 590 824 631 archisellium
855 591 903 630 de
923 603 995 630 suo
1016 591 1167 642 paravit
1187 597 1226 630 et
1245 592 1342 632 duas
1362 593 1510 633 trullas.

75 661 156 689 non
187 655 248 689 est
276 649 419 700 dignus
448 659 566 699 quem
590 648 629 687 in
653 647 776 687 oculis
798 645 948 686 feram?
978 647 1046 687 sed
1067 647 1284 687 Fortunata
1303 653 1417 687 vetat.
1458 649 1510 688 ita

73 705 145 745 tibi
166 705 337 753 videtur,
358 702 595 756 fulcipedia?
625 703 790 751 suadeo,
814 702 962 743 bonum
984 709 1095 743 tuum
1116 716 1363 756 concoquas,
1384 704 1510 753 milva,

25 769 47 804 ο
74 768 113 802 et
142 774 205 802 me
236 774 318 802 non
350 762 467 800 facias
496 760 739 811 ungentem,
771 760 1056 800 amasiuncula:
1091 761 1264 812 alioquin
1297 761 1511 813 experieris

73 818 281 858 cerebrum
310 829 454 857 meum.
496 818 596 857 nosti
628 829 710 856 me:
741 817 846 868 quod
877 817 999 856 semel
1029 817 1237 866 destinavi,
1269 817 1376 857 clavo
1397 818 1509 857 tabu-

71 875 144 914 lari
174 876 292 914 fixum
324 880 394 914 est.
430 874 497 914 sed
518 874 692 913 vivorum
717 873 1024 913 meminerimus.
1063 886 1131 914 vos
1152 886 1269 926 rogo,
1300 874 1434 923 amici,
1467 881 1511 914 ut

71 931 180 970 vobis
209 931 378 970 suaviter
407 930 468 970 sit.
510 942 599 969 nam
621 942 694 981 ego
716 942 875 980 quoque
896 935 973 968 tam
997 930 1050 969 sui
1073 942 1188 982 quam
1208 943 1278 970 vos
1298 931 1409 978 estis,
1442 931 1509 971 sed

71 987 211 1027 virtute
242 998 333 1034 mea¹
358 986 403 1026 ad
436 986 510 1025 hoc
539 986 712 1037 perveni.
754 985 956 1025 corcillum
988 993 1047 1026 est
1077 988 1180 1038 quod
1203 987 1384 1028 homines
1404 988 1509 1035 facit,

23 1050 44 1083 δ
70 1049 199 1084 cetera
230 1043 439 1094 quisquilia
469 1042 614 1082 omnia.
655 1041 794 1082 “bene
826 1054 934 1090 emo,
966 1042 1069 1081 bene
1098 1043 1277 1092 vendo'';
1308 1044 1406 1083 alius
1436 1044 1508 1083 alia

71 1099 180 1140 vobis
217 1100 331 1139 dicet.
372 1099 555 1138 felicitate
594 1098 753 1138 dissilio.
794 1103 837 1137 tu
876 1104 1028 1147 autem,
1068 1100 1246 1148 sterteia,
1292 1100 1506 1139 etiamnum

70 1154 228 1209 ploras?
266 1157 341 1195 iam
381 1155 550 1203 curabo,
591 1155 714 1194 fatum
752 1161 863 1194 tuum
903 1155 1046 1207 plores.
1087 1155 1176 1203 sed,
1216 1161 1260 1195 ut
1300 1168 1507 1208 coeperam

69 1212 221 1260 dicere,
242 1213 288 1252 ad
310 1213 412 1252 hanc
434 1224 494 1252 me
516 1212 714 1251 fortunam
737 1211 937 1263 frugalitas
956 1223 1041 1251 mea
1062 1212 1256 1264 perduxit.
1297 1218 1375 1252 tam
1396 1225 1506 1265 mag-

46 1282 52 1286 ·
70 1281 147 1310 nus
166 1281 213 1308 ex
233 1269 322 1309 Asia
345 1269 452 1316 veni,
484 1280 600 1320 quam
620 1268 683 1308 hic
705 1268 963 1308 candelabrus
983 1274 1054 1308 est.
1095 1269 1141 1308 ad
1163 1280 1376 1317 summam,
1408 1281 1507 1321 quo-

69 1324 161 1366 tidie
190 1337 253 1366 me
283 1325 454 1366 solebam
487 1325 534 1364 ad
565 1325 673 1364 illum
704 1325 852 1373 metiri,
884 1330 923 1364 et
954 1330 996 1364 ut
1026 1325 1192 1365 celerius
1223 1331 1394 1365 rostrum
1416 1325 1505 1365 bar·

68 1380 200 1422 batum
229 1381 438 1428 haberem,
470 1382 575 1421 labra
608 1381 656 1421 de
686 1381 847 1421 lucerna
878 1381 1088 1433 ungebam.
1128 1387 1258 1422 tamen
1281 1382 1329 1422 ad
1349 1382 1507 1423 delicias

68 1433 241 1495 [femina]
263 1438 391 1491 ipsimi
414 1434 592 1493 [domini]
613 1450 739 1478 annos
759 1438 1072 1489 quattuordecim
1093 1438 1161 1478 sui.
1204 1451 1278 1478 nec
1298 1445 1414 1490 turpe
1435 1445 1504 1486 est,

67 1494 175 1546 quod
203 1494 387 1534 dominus
416 1495 535 1534 iubet.
576 1507 648 1546 ego
678 1501 809 1534 tamen
840 1501 879 1534 et
909 1495 1069 1547 ipsimae
1100 1492 1311 1550 [dominae]
1339 1496 1431 1535 satis
1450 1496 1505 1534 sa-

66 1550 230 1591 ciebam.
271 1551 396 1599 scitis,
428 1551 521 1602 quid
552 1550 696 1590 dicam:
727 1556 858 1598 taceo,
890 1551 979 1602 quia
1011 1564 1093 1590 non
1125 1563 1210 1591 sum
1241 1550 1289 1590 de
1311 1551 1504 1604 gloriosis.

65 1613 261 1655 ceterum,
301 1606 628 1658 quemadmodum
668 1607 706 1646 di
741 1607 898 1654 volunt,
937 1607 1120 1646 dominus
1158 1607 1197 1646 in
1229 1607 1346 1647 domo
1376 1609 1501 1648 sactus
1518 1610 1570 1650 76

66 1676 177 1712 sum,
208 1670 248 1703 et
276 1675 367 1703 ecce
398 1664 484 1715 cepi
516 1663 644 1715 ipsimi
676 1663 927 1703 cerebellum.
969 1664 1062 1715 quid
1091 1662 1242 1703 multa?
1272 1665 1505 1704 coheredem

67 1731 130 1761 me
161 1720 313 1760 Caesari
353 1720 464 1767 fecit,
504 1727 542 1759 et
571 1720 703 1771 accepi
739 1720 1020 1772 patrimonium
1050 1720 1296 1760 laticlavium.
1356 1721 1505 1760 nemini

65 1782 195 1816 tamen
228 1777 325 1816 nihil
355 1776 447 1816 satis
477 1782 547 1816 est.
590 1776 796 1828 concupivi
827 1776 1031 1827 negotiari.
1073 1788 1123 1815 ne
1159 1776 1292 1816 multis
1321 1789 1390 1816 vos
1420 1789 1503 1816 mo·

68 1844 154 1880 rer,
193 1833 368 1885 quinque
400 1845 515 1872 naves
546 1833 764 1881 aedificavi,
808 1833 964 1872 oneravi
995 1832 1128 1872 vinum
1150 1856 1205 1862 —
1227 1839 1266 1872 et
1294 1839 1393 1873 tunc
1422 1841 1506 1873 erat

66 1894 204 1930 contra
233 1901 371 1929 aurum
394 1911 449 1918 —
470 1889 556 1928 misi
577 1889 754 1928 Romam.
794 1894 955 1942 putares
976 1901 1037 1928 me
1057 1889 1133 1929 hoc
1154 1889 1334 1929 iussisse:
1367 1902 1504 1930 omnes

68 1957 183 1986 naves
204 1946 505 1998 naufragarum,
537 1946 679 1984 factum
693 1975 702 1993 ,
725 1958 805 1985 non
828 1945 970 1985 fabula.
1011 1958 1092 1984 uno
1113 1945 1175 1985 die
1196 1946 1404 1998 Neptunus
1424 1952 1504 1986 tre-

68 2002 215 2043 centies
243 2002 465 2043 sestertium
497 2002 703 2041 devoravit.
744 2002 890 2054 putatis
912 2014 972 2040 me
993 2000 1213 2041 defecisse?
1244 2014 1324 2041 non
1350 2003 1504 2042 meher-

66 2057 174 2099 cules
201 2059 254 2098 mi
283 2059 378 2098 haec
409 2059 556 2098 iactura
586 2059 689 2109 gusti
720 2059 812 2106 fuit,
853 2065 1040 2109 tanquam
1073 2057 1171 2097 nihil
1201 2058 1304 2098 facti.
1365 2059 1505 2099 alteras

66 2114 141 2156 feci
160 2115 328 2156 maiores
351 2122 390 2155 et
419 2115 602 2155 meliores
633 2121 671 2154 et
701 2115 919 2163 feliciores,
950 2120 994 2154 ut
1023 2126 1140 2154 nemo
1173 2126 1254 2154 non
1286 2127 1348 2154 me
1377 2115 1503 2154 virum

19 2176 39 2210 ὅ
66 2170 206 2212 fortem
242 2171 401 2212 diceret.
442 2171 571 2219 scitis,
611 2183 750 2222 magna
782 2171 890 2211 navis
920 2183 1101 2223 magnam
1132 2171 1403 2210 fortitudinem
1433 2172 1503 2211 ha—

66 2226 145 2268 bet.
175 2228 331 2268 oneravi
351 2240 490 2268 rursus
509 2228 664 2275 vinum,
688 2228 859 2276 lardum,
882 2227 1030 2276 fabam,
1052 2227 1274 2279 seplasium‚
1296 2228 1501 2280 mancipia.

66 2281 142 2324 hoc
170 2284 258 2325 loco
280 2284 493 2324 Fortunata
523 2296 606 2324 rem
638 2285 743 2336 piam
774 2285 886 2332 feeit;
919 2296 1037 2323 omne
1067 2283 1173 2323 enim
1204 2295 1341 2323 aurum
1372 2296 1501 2331 suum,

67 2340 196 2381 omnia
225 2342 454 2382 vestimenta
483 2340 656 2380 vendidit
677 2346 716 2380 et
736 2342 787 2380 mi
811 2346 971 2380 centum
993 2351 1134 2379 aureos
1155 2339 1194 2379 in
1217 2351 1336 2380 manu
1357 2341 1501 2392 posuit.

68 2394 142 2438 hoc
170 2398 242 2438 tuit
269 2398 411 2450 peculii
442 2397 518 2437 mei
550 2398 799 2437 fermentum.
841 2397 918 2437 cito
950 2398 1011 2445 fit,
1043 2396 1147 2447 quod
1169 2396 1207 2435 di
1232 2395 1379 2436 volunt.
1420 2409 1501 2436 uno

179 2542 200 2575 2
229 2544 268 2576 nt
290 2540 492 2584 effrangeret
517 2540 564 2585 ΙΙΊ
598 2540 814 2574 artissellium
840 2540 954 2574 deleta
982 2542 1108 2583 priore
1132 2550 1148 2574 s
1171 2540 1184 2584 ΙΙ
1208 2542 1230 2575 9
1254 2542 1386 2574 rectius
1410 2540 1503 2574 sulti-

68 2583 167 2629 pedi·
190 2589 254 2620 aut
277 2586 474 2631 fulcripedia
548 2588 588 2620 10
614 2585 746 2630 facies„
765 2587 805 2620 31
834 2588 1007 2630 neptunno
1037 2586 1050 2629 11
1080 2586 1122 2620 33
1149 2585 1274 2620 l’mtnm
1296 2589 1339 2620 ut
1360 2587 1503 2619 videtur

66 2631 183 2674 prino
206 2634 284 2666 erat
306 2630 500 2675 seriptum!
526 2632 567 2665 35
594 2631 661 2665 scis

1180 2687 1228 2719 ,με
