1728 2886
243 142 324 181 158
765 142 961 179 CARMINA
984 142 1171 181 PRJAPEA

315 265 334 296 5
393 257 510 298 huius
531 269 623 297 nam
643 258 792 298 domini
812 257 949 298 colunt
967 271 1030 299 me
1050 258 1247 312 deumque
1266 262 1436 312 salutant

393 315 578 366 pauperis
597 315 731 367 tuguri
751 320 864 367 pater
883 315 1064 367 filiusque
1084 316 1326 366 adulescens,

391 371 489 411 alter
508 371 659 412 assidua
680 383 821 412 cavens
841 371 1053 423 diligentia,
1074 378 1118 413 ut
1137 373 1283 414 herbae

392 440 506 480 asper
526 434 592 468 aut
613 428 737 469 rubus
758 441 777 468 a
799 441 887 468 meo
904 428 984 469 sint
1003 435 1152 470 remota
1173 431 1327 479 sacello,

391 485 489 524 alter
508 497 624 537 parva
645 498 767 526 manu
787 486 919 526 ferens
938 498 1055 539 saepe
1076 499 1240 527 munera
1260 488 1379 541 larga.

295 548 333 580 10
390 542 528 581 florido
551 543 645 582 mihi
665 542 829 595 ponitur
849 542 950 595 picta
971 555 1061 583 vere
1082 544 1240 592 corolla,

390 598 572 650 primitus
592 605 728 639 tenera
747 600 880 640 virens
900 599 1008 651 spica
1028 600 1157 640 mollis
1177 601 1308 650 arista,

389 656 516 696 luteae
538 656 661 696 violae
682 656 776 696 mihi
798 656 1046 708 lacteumque
1067 669 1237 709 papaver

389 712 660 765 pallentesque
677 713 904 753 cucurbitae
925 720 964 753 et
983 726 1099 754 suave
1121 714 1267 754 olentia
1286 713 1397 763 mala,

387 781 459 808 uva
481 771 688 823 pampinea
709 770 858 810 rubens
878 770 1039 810 educata
1060 770 1134 811 suh
1154 771 1305 811 umbra.

295 831 332 865 15
389 826 581 877 sanguine
601 827 698 867 haec
719 826 834 867 etiam
856 826 950 867 mihi
970 850 1026 856 —
1047 829 1114 868 sed
1134 828 1312 868 tacebitis
1331 850 1387 856 —
1417 839 1523 868 arma

390 882 576 924 barbatus
598 884 685 923 linit
705 884 880 924 hirculus
900 885 1165 937 cornipesque
1186 885 1344 937 capella.

389 952 461 992 pro
484 940 571 992 quis
592 941 726 981 munia
746 940 965 981 honoribus
986 953 1095 981 nunc
1116 954 1278 983 necesse
1299 940 1440 992 Priapo
1461 946 1520 981 est

388 1002 588 1049 praestare
609 1004 648 1039 et
668 997 816 1038 domini
836 998 1038 1038 hortulum
1057 998 1289 1051 vineamque
1309 996 1424 1038 tueri.

390 1066 512 1105 quare
532 1055 638 1103 hinc,
661 1068 683 1094 ο
705 1055 830 1108 pueri,
853 1055 972 1095 malas
992 1055 1185 1096 abstinete
1205 1056 1375 1107 rapinas.

293 1117 331 1150 20
389 1110 539 1151 vicinus
559 1125 685 1165 prope
706 1112 811 1152 dives
833 1117 891 1152 est
910 1112 1194 1164 negligensque
1210 1112 1396 1164 Priapus:

388 1167 479 1208 inde
500 1170 656 1218 sumite,
677 1169 812 1210 semita
833 1169 930 1209 haec
951 1169 1092 1209 deinde
1111 1182 1180 1210 vos
1202 1169 1302 1209 feret
1322 1169 1417 1221 ipsa.

351 1290 514 1325 LXXXVI
552 1294 569 1325 7
597 1291 715 1325 colens
747 1291 753 1336 Ι
787 1293 827 1325 17
862 1291 974 1325 omnia
1000 1291 1184 1326 honoribus
1209 1291 1274 1325 hoc
1306 1291 1311 1335 Ι
1344 1293 1388 1325 20
1412 1289 1524 1334 Priapi
1554 1290 1668 1326 leiel-

236 1345 389 1369 mannus
1566 1363 1570 1365 ,
1679 1363 1683 1371 Α.
