1728 2886
140 1718 219 1757 110

251 128 302 167 76
862 127 1064 164 PETRONn

248 251 365 292 cunt,
388 245 606 296 epulaeque
628 243 674 282 ad
697 249 894 283 certamen
928 243 1102 295 prolatae
1133 244 1345 284 conciliant
1374 245 1566 286 hilaritate
1586 259 1662 287 con
1678 247 1683 283 .’

247 301 432 341 cordiam.
462 300 467 354 Ι
495 306 661 340 exsonat
681 311 774 351 ergo
797 299 979 340 cantibus
998 306 1124 340 totum
1148 301 1357 353 navigium,
1380 308 1419 342 et
1434 303 1525 355 quia
1540 315 1662 356 repen
1675 302 1683 319 ³

247 359 328 397 tina
349 357 614 408 tranquillitas
630 356 896 396 intermiserat
911 369 1084 405 cursum,
1111 357 1208 398 alius
1234 358 1453 400 exultantes
1477 360 1672 412 quaereba

248 414 400 454 fuscina
430 414 581 466 pisces,
614 413 712 453 alius
742 413 868 453 hamis
898 413 1192 454 blandientibus
1231 415 1477 456 convellebat
1505 417 1649 468 praeda
1679 426 1683 429 “

248 476 549 523 repugnantem.
600 482 693 510 ecce
724 470 840 509 etiam
871 482 943 522 per
974 476 1188 511 antennam
1219 471 1393 524 pelagiae
1429 473 1676 514 consederan-

249 527 440 575 volucres,
471 539 569 579 quas
608 527 723 566 textis
753 526 1042 568 harundinibus
1072 528 1224 580 peritus
1254 528 1394 568 artifex
1422 529 1562 582 tetigit.
1602 530 1668 570 illa

249 584 403 624 viscatis
418 584 584 635 illigatae
593 583 805 623 viminibus
821 583 1101 632 deferebantur
1117 584 1163 623 ad
1179 597 1333 625 manus.
1362 585 1524 626 tollebat
1538 586 1684 638 plum

250 653 344 681 aura
367 641 585 688 volitantes,
607 640 830 692 pinnasque
852 653 924 692 per
944 641 1065 680 maria
1086 641 1214 681 inanis
1235 654 1374 694 spuma
1393 643 1614 695 torquebat.

363 697 438 737 iam
448 697 588 737 Lichas
604 697 733 738 redire
747 709 903 736 mecum
920 697 959 736 in
977 697 1140 749 gratiam
1156 703 1350 750 coeperat,
1367 698 1443 738 iam
1455 699 1665 753 Tryphaen
1682 747 1683 750 Ἴ

251 754 391 794 Gitona
413 759 585 793 extrema
607 759 718 805 parte
739 753 913 817 potionis
933 753 1158 805 spargebat,
1191 766 1281 795 cum
1303 754 1520 808 Eumolpus
1550 762 1590 797 et

249 811 340 850 vino
371 810 524 850 solutus
543 810 645 849 dicta
665 810 788 849 voluit
818 810 857 850 in
882 810 1010 851 calvos
1039 811 1329 863 stigmososque
1350 812 1532 862 iaculari,
1563 813 1660 854 don·
1682 858 1685 860 ,

250 871 486 919 consumpta
515 866 766 918 frigidissima
788 867 1011 907 urbanitate
1034 868 1149 908 rediit
1179 868 1224 908 ad
1248 869 1424 909 carmina
1448 881 1518 910 sua
1539 870 1670 924 coepit

252 937 328 976 que
349 923 579 976 capillorum
602 923 840 975 elegidarion
862 924 1015 964 dicere:

421 980 540 1032 ‘quod
562 980 690 1020 solum
711 981 860 1020 formae
881 982 1000 1021 decus
1022 987 1093 1030 est,
1116 981 1294 1021 cecidere
1314 982 1456 1035 capilli,

478 1044 768 1089 vernantesque
789 1049 921 1078 comas
941 1038 1064 1078 tristis
1083 1038 1213 1090 abegit
1234 1039 1399 1091 hiemps.

424 1106 532 1133 nunc
553 1093 692 1133 umbra
715 1094 858 1134 nudata
889 1107 958 1134 sua
980 1095 1055 1134 iam
1075 1100 1255 1147 tempora
1277 1102 1468 1145 maerent,

479 1163 648 1202 areaque
670 1150 812 1191 attritis
833 1152 932 1191 ridet
954 1151 1083 1191 adulta
1104 1151 1204 1203 pilis.

423 1220 445 1247 o
468 1207 582 1247 fallax
604 1212 743 1247 natura
763 1207 902 1248 deum:
937 1221 1036 1260 quae
1058 1208 1183 1260 prima
1206 1208 1344 1249 dedisti

478 1264 594 1303 aetati
617 1271 775 1304 nostrae
796 1265 948 1316 gaudia,
970 1265 1096 1317 prima
1117 1265 1247 1316 rapis?

542 1320 703 1369 ‘infelix,
725 1321 841 1361 modo
864 1322 1042 1362 crinibus
1063 1322 1216 1361 nitebas

546 1377 706 1417 Phoebo
728 1378 932 1429 pulchrior
953 1384 992 1418 et
1012 1390 1150 1418 sorore
1172 1378 1332 1418 Phoebi.

544 1440 583 1473 at
604 1446 713 1473 nunc
735 1434 857 1474 levior
877 1447 967 1475 aere
989 1435 1047 1474 vel
1069 1435 1243 1475 rotundo

542 1491 646 1530 horti
667 1491 819 1539 tubere,
842 1491 947 1543 quod
969 1491 1115 1531 creavit
1133 1492 1250 1540 unda,

543 1547 718 1587 ridentes
739 1548 842 1599 fugis
862 1554 901 1588 et
921 1548 1035 1588 times
1054 1548 1214 1600 puellas.

544 1610 587 1643 ut
607 1609 775 1644 mortem
797 1604 911 1645 citius
931 1605 1066 1644 venire
1086 1604 1236 1653 credas,

545 1660 644 1700 scito
665 1661 742 1700 iam
763 1662 901 1714 capitis
921 1662 1072 1714 perisse
1092 1661 1271 1714 partem.’

366 1715 479 1767 plura
500 1717 652 1757 volebat
673 1719 853 1769 proferre
866 1750 876 1767 ,
898 1719 1038 1766 credo,
1062 1724 1100 1758 et
1121 1718 1317 1770 ineptiora
1339 1718 1581 1770 praeteritis,
1602 1729 1668 1758 cus
1704 1751 1707 1754 Α

252 1772 392 1811 ancilla
414 1772 671 1824 Tryphaenae
694 1774 836 1814 Gitona
858 1775 898 1815 in
930 1782 1083 1827 partem
1105 1775 1212 1815 navis
1242 1775 1474 1815 inferiorem
1495 1774 1604 1815 ducit
1625 1787 1674 1815 c·r

251 1828 485 1881 rymbioque
506 1830 688 1870 dominae
710 1832 823 1883 pueri
844 1831 1009 1871 adornat
1029 1837 1159 1884 caput.
1200 1831 1321 1871 immo
1349 1831 1557 1884 supercilia
1577 1831 1668 1872 etia
1706 1852 1708 1867 ι

251 1886 405 1937 profert
423 1886 471 1925 de
492 1887 634 1939 pyxide
655 1887 831 1939 sciteque
863 1888 1033 1928 iacturae
1064 1887 1301 1928 lineamenta
1332 1893 1467 1929 secuta
1486 1894 1610 1929 totam
1639 1888 1651 1928 i
1705 1897 1708 1923 5

252 1942 418 1981 formam
439 1955 550 1982 suam
572 1943 751 1984 reddidit.
793 1945 950 1997 agnovit
966 1945 1198 1998 Tryphaena
1221 1957 1355 1984 verum
1378 1944 1545 1994 Gitona,
1575 1945 1636 1986 lac
1658 1954 1673 1966 ·'

252 1999 405 2050 misque
426 1999 582 2040 turbata
604 2006 700 2040 tunc
719 2002 892 2053 primum
914 2002 1018 2042 bona
1039 2002 1114 2042 tide
1130 2014 1255 2054 puero
1271 2001 1423 2042 basium
1439 2001 1557 2042 dedit.
1584 2000 1592 2057 Ι
1627 2019 1631 2025 ·

252 2056 369 2095 etiam
385 2056 417 2095 si
433 2057 652 2109 repositum
669 2058 709 2097 in
727 2059 938 2110 pristinum
955 2060 1138 2098 decorem
1159 2070 1328 2111 puerum
1348 2058 1580 2111 gaudebam,
1601 2058 1667 2099 ab‘
1700 2083 1701 2086 =

253 2112 471 2152 condebam
502 2119 633 2153 tamen
665 2115 912 2166 frequentius
942 2116 1089 2155 vultum
1129 2114 1486 2168 intellegebamque
1516 2127 1579 2156 me
1608 2127 1653 2156 n·
1706 2132 1711 2147 1

252 2169 439 2209 tralaticia
461 2170 708 2210 deformitate
730 2184 814 2212 esse
836 2172 1089 2223 insignitum,
1122 2184 1238 2224 quem
1260 2172 1434 2224 alloquio
1455 2171 1619 2225 dignum
1651 2191 1655 2208 ι
1673 2175 1675 2177 ’

253 2225 393 2266 Lichas
414 2226 573 2278 quidem
604 2227 794 2268 crederet.
836 2229 902 2269 sed
934 2230 1025 2269 huic
1047 2229 1224 2270 tristitiae
1245 2230 1380 2269 eadem
1410 2228 1473 2268 illa
1495 2240 1640 2269 succur
1662 2236 1671 2240 ”

253 2283 407 2331 ancilla,
429 2290 735 2336 sevocatumque
764 2298 827 2325 me
859 2298 939 2325 non
973 2286 1104 2326 minus
1134 2287 1279 2326 decoro
1310 2285 1513 2326 exornavit
1533 2285 1633 2338 capil
1657 2316 1671 2321 ι.

252 2345 407 2434 {nentm
440 2340 559 2380 immo
582 2342 894 2382 commendatior
915 2343 1044 2382 vultus
1065 2343 1228 2391 enituit,
1260 2342 1352 2394 quia
1372 2342 1514 2383 ssavum
1534 2342 1671 2396 coryw‘

280 2408 346 2434 ion
368 2402 452 2436 erat

370 2544 385 2575 1
413 2542 583 2576 hilaritate
609 2544 790 2577 concilium
824 2544 836 2588 ss
870 2545 889 2577 3
917 2543 1060 2578 feriebat
1084 2545 1221 2577 conieci
1252 2543 1264 2587 ΙΙ
1299 2545 1320 2577 4
1343 2542 1573 2587 compellebat
1602 2553 1653 2578 w·

253 2586 346 2619 nulli
369 2597 415 2619 em
443 2587 500 2631 011
521 2589 558 2621 13
585 2589 619 2622 in
646 2589 789 2631 capillos
814 2599 896 2623 suos
912 2589 942 2623 L
958 2588 971 2634 ΙΙ
994 2591 1034 2624 14
1060 2599 1225 2623 summum
1242 2588 1425 2632 florilegio
1443 2588 1456 2634 ΙΙ
1475 2590 1515 2625 17
1540 2587 1624 2624 udus
1658 2613 1660 2616 .

255 2632 297 2666 23
323 2631 431 2666 imber
456 2633 603 2666 Iahnius
622 2632 633 2678 ΙΙ
652 2636 691 2668 37
719 2637 968 2678 evocatumque
987 2634 1057 2678 1138
1083 2634 1223 2675 flavum]
1250 2634 1436 2668 ssaucorum
1662 2643 1666 2648 ’
