1728 2886
728 139 913 175 SATlRAE
1446 138 1498 177 89

31 271 50 307 ῃ
122 255 260 295 invitas
280 267 342 294 me
364 255 469 294 serre
490 267 642 295 manus.
682 255 750 295 sed
769 255 932 295 vulnere
953 266 1086 306 cogor,

29 310 32 317 “
122 312 259 364 pulsus
280 311 327 350 ab
350 311 447 351 urbe
469 323 565 358 mea,
581 311 675 351 dum
690 311 872 351 Rhenum
889 311 1081 363 sanguine
1102 312 1253 363 tinguo‚
1445 318 1501 350 160

122 368 215 408 dum
237 367 367 408 Gallos
387 368 530 408 iterum
552 367 738 419 Capitolia
760 373 895 407 nostra
915 374 1096 419 petentes

122 424 286 477 Alpibus
307 424 485 471 excludo,
508 423 702 463 vincendo
723 423 871 463 certior
893 424 994 463 exul.

121 481 314 533 sanguine
335 481 533 520 Germano
554 480 834 532 sexagintaque
855 479 1066 531 triumphis

122 550 207 578 esse
229 550 380 577 nocens
400 537 525 589 coepi.
566 548 789 588 quanquam
813 548 913 587 quos
933 536 1057 587 gloria
1077 541 1212 583 terret,

122 600 188 634 aut
208 594 276 645 qui
296 600 389 634 sunt
409 593 476 644 qui
496 592 597 632 bella
616 590 780 632 vident?
801 591 1050 632 mercedibus
1071 598 1225 644 emptae
1444 598 1500 631 165

123 662 168 690 ac
188 650 282 690 viles
302 662 459 702 operae,
481 661 651 701 quorum
672 655 731 689 est
751 661 836 689 mea
857 649 980 688 Roma
1003 661 1183 689 noverca.
1499 665 1502 667 ·

122 713 161 746 at
181 718 285 755 reor,
306 707 408 745 haud
431 707 606 758 impune,
627 718 701 746 nec
721 706 823 745 hanc
844 706 930 745 sine
950 705 1102 746 vindice
1123 706 1296 746 dextram

123 763 268 802 vinciet
288 763 463 815 ignavus.
504 762 671 802 victores
692 762 744 802 ite
765 763 958 808 furentes,

123 820 176 859 ite
196 819 273 859 mei
295 820 471 867 comites,
493 825 533 859 et
553 831 710 859 causam
731 818 847 858 dicite
868 819 987 858 ferro.

126 888 296 927 namque
318 888 456 915 omnes
478 887 601 916 unum
621 876 772 914 crimen
789 880 912 921 vocat,
935 875 1119 914 omnibus
1140 887 1218 914 una
1448 880 1503 913 170

129 932 331 984 impendet
353 932 493 972 clades.
533 931 731 971 reddenda
753 938 812 971 est
831 931 954 983 gratia
975 931 1097 980 vobis,

125 1002 211 1028 non
228 988 335 1028 solus
355 988 440 1028 vici.
481 1000 615 1039 quare,
638 988 727 1039 quia
748 1000 875 1039 poena
897 988 1068 1040 tropaeis

124 1045 303 1084 imminet
323 1050 361 1084 et
381 1045 517 1084 sordes
537 1044 682 1084 meruit
700 1043 860 1083 victoria
882 1050 1028 1092 nostra,

124 1101 252 1141 iudice
274 1101 450 1141 Fortuna
470 1100 583 1141 cadat
603 1096 878 1140 alansumite
899 1100 1045 1140 bellum

125 1165 164 1198 et
182 1163 372 1209 temptate
391 1169 543 1197 manus.
583 1163 689 1197 certe
707 1169 794 1196 mea
815 1169 931 1196 causa
952 1163 1110 1208 peracta
1132 1162 1210 1197 est:
1448 1163 1503 1195 175

124 1215 229 1254 inter
248 1220 308 1253 tot
327 1215 447 1254 fortes
467 1219 638 1254 armatus
659 1213 793 1254 nescio
814 1213 958 1252 vinci.''

182 1271 279 1310 haec
300 1270 367 1310 ubi
388 1271 607 1322 personuit,
627 1271 675 1310 de
697 1270 804 1309 caelo
826 1269 1039 1321 Delphicus
1060 1269 1140 1309 ales

127 1327 258 1367 omina
276 1327 375 1367 laeta
396 1327 502 1366 dedit
520 1326 750 1379 pepulitque
770 1326 964 1366 meatibus
983 1338 1111 1366 auras.

126 1395 201 1423 nec
222 1396 303 1423 non
325 1384 513 1423 horrendi
534 1383 708 1423 nemoris
729 1383 776 1423 de
798 1381 1085 1435 partesinistra

126 1439 305 1480 insolitae
324 1452 440 1480 voces
459 1440 613 1479 flamma
633 1451 804 1479 sonuere
823 1439 1016 1490 sequenti.
1451 1443 1506 1476 180

129 1496 212 1549 ipse
234 1496 340 1536 nitor
359 1496 507 1536 Phoebi
531 1496 684 1547 vulgato
706 1496 844 1535 laetior
865 1496 961 1535 orbe

129 1553 249 1592 crevit
268 1559 307 1592 et
326 1558 462 1592 aurato
477 1552 698 1605 praecinxit
718 1551 874 1603 fulgure
890 1552 1029 1591 vultus.

128 1609 269 1648 fortior
288 1608 487 1649 ominibus
508 1609 627 1648 movit
646 1608 830 1648 Mavortia
850 1608 962 1660 signa
1538 1609 1618 1651 123

130 1665 270 1706 Caesar
290 1671 328 1705 et
348 1665 528 1705 insolitos
549 1677 686 1716 gressu
707 1664 818 1717 prior
838 1669 1006 1716 occupat
1025 1676 1155 1704 ausus.

128 1722 254 1774 prima
274 1722 431 1773 quidem
453 1721 596 1774 glacies
617 1727 656 1760 et
672 1733 769 1760 cana
790 1721 918 1760 vincta
940 1720 1083 1773 pruina
1451 1727 1506 1760 185

131 1791 210 1818 non
233 1778 419 1830 pugnavit
438 1779 581 1818 humus
601 1778 764 1828 mitique
785 1778 951 1817 horrore
973 1776 1132 1828 quievit.

129 1835 196 1875 sed
217 1840 424 1887 postquam
445 1841 598 1874 turmae
620 1834 775 1873 nimbos
795 1834 949 1885 fregere
969 1833 1108 1885 ligatos

130 1897 168 1931 et
188 1890 350 1943 pavidus
371 1891 595 1943 quadrupes
615 1890 811 1930 undarum
831 1890 985 1930 vincula
1006 1890 1125 1941 rupit,

130 1946 329 1987 incaluere
351 1947 471 1987 nives.
511 1959 603 1987 mox
622 1947 784 1986 flumina
805 1946 1007 1986 montibus
1027 1946 1113 1986 altis

131 2003 335 2044 undabant
353 2003 470 2043 modo
493 2010 594 2052 nata,
615 2003 683 2043 sed
704 2003 801 2042 haec
822 2015 981 2054 quoque
996 2025 1050 2031 —
1068 2002 1172 2042 iussa
1194 2008 1352 2055 putares
1366 2026 1420 2033 —
1452 2010 1508 2043 190

133 2059 301 2108 stabant,
323 2066 362 2099 et
382 2060 510 2100 vincta
531 2060 674 2100 fluctus
694 2065 881 2111 stupuere
902 2059 1031 2106 ruina,

136 2123 174 2156 et
193 2116 312 2168 paulo
333 2122 424 2156 ante
445 2116 529 2156 lues
551 2117 625 2156 iam
648 2115 891 2156 concidenda
914 2116 1075 2155 iacebat.

131 2178 214 2212 tum
237 2185 329 2213 vero
350 2173 450 2212 male
472 2173 546 2212 fida
569 2173 678 2225 prius
693 2172 851 2224 vestigia
872 2172 965 2211 lusit

131 2229 364 2282 decepitque
386 2229 527 2281 pedes;
550 2229 698 2281 pariter
717 2234 949 2280 turmaeque
970 2228 1120 2279 virique

132 2297 318 2338 armaque
339 2292 526 2338 congesta
545 2291 652 2325 strue
673 2285 875 2337 deplorata
896 2283 1089 2324 iacebant.
1452 2290 1508 2323 195

133 2353 226 2382 ecce
246 2342 360 2382 etiam
382 2342 506 2394 rigido
528 2353 745 2382 concussae
765 2342 922 2381 flamine
945 2341 1072 2380 nubes

135 2398 464 2446 exonerabantur,
486 2411 561 2438 nec
582 2398 687 2450 rupti
710 2397 870 2437 turbine
891 2397 996 2437 venti

133 2454 272 2495 derant
291 2461 358 2494 aut
378 2454 523 2494 tumida
545 2455 793 2495 confractum
813 2453 1006 2506 grandine
1027 2453 1192 2493 caelum.

192 2545 255 2578 160
279 2543 378 2577 vinco
407 2543 421 2587 ΙΙ
452 2544 516 2577 165
541 2543 630 2577 cient
654 2542 815 2576 Reislcius
844 2541 857 2586 ΙΙ
886 2543 947 2576 167
974 2543 1012 2574 ut
1035 2551 1110 2575 reor
1126 2541 1139 2585 ss
1159 2542 1223 2576 168
1248 2540 1423 2585 ferentes}
1445 2543 1508 2576 170

77 2590 173 2622 notat
195 2587 416 2622 Schrader-us
434 2589 447 2630 n
465 2589 530 2622 184
554 2588 693 2622 insolito
714 2591 719 2630 Ι
740 2588 883 2621 haustus
908 2587 936 2620 0
953 2586 966 2631 ΙΙ
985 2588 1048 2621 188
1073 2586 1233 2630 gravidus
1258 2586 1504 2630 Schraderusss

81 2633 142 2668 191
168 2633 286 2677 pruina
304 2633 317 2677 ΙΙ
337 2635 398 2669 197
423 2637 524 2677 rupto
548 2633 770 2666 Monacensis
787 2633 799 2675 ΙΙ
820 2633 883 2666 198
909 2635 1119 2666 contractum
1145 2631 1368 2666 Schrader-us
