1728 2886
132 2231 211 2274 136

238 141 258 177 1
266 142 290 178 0
297 139 325 178 2
860 137 1062 173 PETRONll

945 267 965 291 *

348 309 354 363 Ι
382 309 585 349 Oenothea
619 321 794 349 mensam
825 315 998 349 veterem
1029 310 1160 362 posuit
1181 309 1219 348 in
1243 309 1371 349 medio
1391 309 1522 357 altari,
1553 321 1670 360 quam

239 368 332 407 vivis
363 367 535 419 implevit
565 366 828 415 carbonibus,
860 372 898 406 et
927 366 1126 406 camellam
1159 366 1273 405 etiam
1304 372 1494 407 vetustate
1515 372 1672 418 ruptam

238 425 326 477 pice
356 430 573 476 temperata
604 423 754 463 refecit.
795 430 879 463 tum
909 423 1083 471 clavum,
1115 423 1181 475 qui
1213 423 1484 463 detrahentem
1515 429 1673 463 secutus

240 493 329 522 cum
361 481 522 520 camella
554 481 684 532 lignea
714 481 863 529 fuerat,
895 481 1048 520 fumoso
1080 480 1218 533 parieti
1248 480 1427 520 reddidit.
1455 479 1460 533 Ι
1487 492 1578 520 mox
1608 479 1698 519 in-1

241 538 369 578 cincta
395 537 585 589 quadrato
606 537 724 589 pallio
746 550 951 578 cucumam
972 537 1174 589 ingentem
1195 537 1283 577 foco
1304 537 1507 589 apposuit,
1537 536 1673 576 simul-

241 607 318 647 que
338 607 516 647 pannum
538 595 586 634 de
607 594 786 633 carnario
808 594 948 636 detulit
968 595 1089 642 furca,
1115 594 1153 633 in
1179 607 1257 646 quo
1279 593 1366 633 faba
1388 599 1471 634 erat
1490 592 1536 633 ad
1557 605 1672 634 usum

240 651 411 704 reposita
438 650 445 705 Ι
472 657 510 691 et
531 651 724 702 sincipitis
744 651 1004 691 vetustissima
1025 651 1215 703 particula
1237 651 1341 691 mille
1362 650 1486 703 plagis
1507 650 1645 690 dolata.
1665 647 1671 703 Ι

240 714 284 748 ut
313 708 426 749 solvit
456 721 550 760 ergo
581 708 671 747 licio
701 720 901 760 pannum,
931 713 1084 760 partem
1110 707 1321 760 leguminis
1351 719 1471 760 super
1497 711 1698 747 mensam}

241 765 378 806 effudit
406 765 597 816 iussitque
619 777 681 803 me
703 764 912 816 diligenter
933 776 1115 816 purgare.
1156 765 1282 804 servio
1304 777 1377 817 ego
1398 763 1563 817 imperio
1584 775 1673 816 gra·

242 835 371 874 naque
403 821 680 861 sordidissimis
710 821 979 873 putaminibus
1007 821 1146 861 vestita
1178 821 1332 862 curiosa
1356 833 1476 861 manu
1498 832 1676 873 segrego.

241 886 280 919 at
309 879 373 918 illa
404 879 585 918 inertiam
606 890 732 917 meam
755 891 943 919 accusans
964 878 1143 930 improba
1164 878 1287 927 tollit,
1318 878 1580 930 dentibusque
1599 876 1674 917 fol·

240 935 379 976 liculos
406 935 555 988 pariter
576 935 717 988 spoliat
737 938 854 987 atque
874 935 912 974 in
937 942 1081 975 terram
1105 935 1221 974 veluti
1242 947 1464 976 muscarum
1486 934 1675 986 imagines

240 993 395 1045 despuit
946 1040 966 1060 ᾖ

355 1094 524 1134 mirabar
555 1093 734 1145 equidem
766 1093 1006 1146 paupertatis
1036 1093 1238 1146 ingenium
1270 1094 1591 1145 singularumque
1611 1105 1673 1132 re-

241 1164 330 1192 rum
351 1151 536 1203 quasdam
559 1157 682 1190 artes:

384 1221 465 1248 non
488 1208 630 1247 Indum
652 1206 826 1259 fulgebat
847 1207 958 1256 ebur,
981 1207 1085 1258 quod
1107 1206 1325 1246 inhaeserat
1347 1218 1456 1254 auro,

383 1278 457 1305 nec
477 1265 553 1304 iam
575 1265 720 1304 calcato
742 1263 919 1303 radiabat
939 1276 1133 1303 marmore
1153 1270 1258 1303 terra

383 1322 616 1361 muneribus
636 1321 769 1362 delusa
789 1321 882 1369 suis,
904 1321 971 1360 sed
993 1327 1098 1360 crate
1119 1321 1269 1372 saligna

382 1379 607 1431 impositum
631 1378 783 1418 Cereris
803 1390 946 1418 vacuae
968 1390 1109 1417 nemus
1129 1384 1167 1417 et
1188 1389 1287 1416 nova
1308 1383 1434 1416 terrae

383 1436 540 1487 pocula,
563 1447 662 1487 quae
683 1435 786 1474 facili
807 1435 891 1474 vilis
912 1440 996 1474 rota
1019 1435 1185 1474 finxerat
1205 1441 1306 1474 actu.

383 1492 478 1531 hinc
498 1492 605 1532 molli
627 1491 751 1532 stillae
772 1492 879 1531 lacus
901 1497 939 1530 et
959 1491 1006 1530 de
1029 1491 1189 1530 caudice
1211 1491 1318 1530 lento

384 1548 575 1588 vimineae
596 1549 729 1588 lances
750 1547 1019 1599 maculataque
1041 1553 1138 1588 testa
1160 1548 1301 1599 Lyaeo.

385 1612 423 1645 at
443 1606 572 1658 paries
593 1606 695 1645 circa
716 1605 826 1657 palea
847 1605 1006 1645 satiatus
1027 1604 1135 1644 inani

383 1663 629 1714 fortuitoque
650 1663 732 1702 luto
755 1662 884 1702 clavos
905 1661 1139 1701 numerabat
1160 1667 1347 1713 agrestes,

385 1726 424 1759 et
446 1719 557 1759 viridi
579 1719 698 1759 iunco
720 1719 876 1771 gracilis
897 1718 1094 1771 pendebat
1113 1718 1306 1758 harundo.

384 1782 586 1828 praeterea
609 1788 707 1827 quae
729 1776 883 1815 fumoso
905 1788 1097 1827 suspensa
1118 1775 1240 1828 tigillo

383 1832 643 1873 conservabat
664 1845 758 1885 opes
778 1829 936 1872 humilis
956 1844 1056 1880 casa,
1077 1832 1183 1871 mitia
1204 1831 1319 1871 sorba

384 1890 489 1929 inter
510 1890 692 1930 odoratas
714 1889 941 1942 pendebant
959 1894 1062 1928 texta
1084 1900 1251 1928 coronas

386 1953 424 1986 et
444 1946 648 1999 thymbrae
668 1952 820 1986 veteres
840 1952 879 1986 et
899 1945 1023 1998 passis
1045 1957 1115 1985 uva
1137 1944 1321 1984 racemis:

364 2001 366 2003 ’
388 2003 511 2055 qualis
533 2004 572 2043 in
595 2004 738 2044 Actaea
761 2003 959 2055 quondam
982 2002 1056 2042 fuit
1075 2002 1229 2054 hospita
1250 2007 1367 2048 terra,

385 2060 504 2112 digna
525 2061 646 2101 sacris
666 2060 842 2107 Hecales,
865 2071 979 2111 quam
1001 2059 1110 2098 Musa
1130 2057 1384 2110 loquentibus
1404 2056 1520 2096 annis

386 2116 599 2158 Baccineas
620 2123 769 2157 veteres
789 2117 1003 2156 mirandam
1026 2115 1183 2155 tradidit
1203 2127 1295 2155 aevo

950 2187 970 2210 *

358 2230 450 2269 dum
473 2230 536 2270 illa
557 2230 687 2270 carnis
708 2230 823 2269 etiam
846 2229 1047 2282 paululum
1069 2229 1213 2269 delibat

245 2292 282 2326 et
312 2287 404 2326 dum
436 2287 649 2339 coaequale
677 2287 859 2326 natalium
883 2298 1043 2326 suorum
1066 2286 1239 2337 sinciput
1259 2285 1299 2324 in
1321 2282 1544 2323 carnarium
1565 2281 1674 2322 furca

244 2344 423 2395 reponit,
455 2345 575 2384 fracta
607 2350 664 2384 est
693 2343 819 2396 putris
848 2343 963 2391 sella,
995 2355 1094 2394 quae
1115 2348 1284 2383 staturae
1306 2339 1549 2381 altitudinem
1570 2337 1674 2378 adie-

245 2432 317 2464 Ium
341 2434 591 2476 interpositum
612 2436 694 2475 post
718 2432 876 2476 adposuit
905 2435 989 2464 ante
1022 2431 1189 2474 simulque
1225 2431 1308 2471 102,
1335 2431 1354 2464 5
1378 2430 1416 2460 in
1443 2427 1470 2460 0
1493 2427 1505 2469 ΙΙ
1529 2427 1549 2460 2
1574 2426 1676 2460 etiam

248 2478 387 2517 delebat
411 2479 575 2520 Iahnius,
598 2478 754 2518 fortasse
778 2477 1023 2511 collocandum
1047 2480 1098 2509 est
1123 2479 1205 2508 ante
1228 2478 1361 2518 ruptam
1392 2474 1405 2516 ll
1441 2475 1480 2508 11
1512 2474 1677 2516 eet-pectas

243 2522 317 2565 ipsa
345 2523 441 2557 fabas
468 2523 560 2557 tollit
579 2523 591 2567 ss
610 2526 651 2558 14
676 2523 966 2566 singulariumque
991 2522 1103 2556 Italus
1126 2522 1257 2564 aliquis
1273 2520 1286 2564 ΙΙ
1304 2521 1346 2554 20
1364 2519 1463 2552 hastu
1488 2517 1545 2550 vel
1567 2519 1641 2551 astu
1664 2515 1677 2560 ΙΙ

245 2569 285 2602 21
312 2571 348 2600 et
372 2570 414 2602 22
438 2572 526 2611 puto
547 2572 631 2612 post
655 2570 698 2603 24
723 2569 946 2602 collocandos
966 2567 971 2611 Ι
993 2568 1083 2602 stilla
1108 2567 1137 2600 L
1158 2567 1163 2608 l
1184 2567 1273 2599 latus
1299 2564 1377 2612 [123
1403 2567 1437 2597 et
1461 2563 1546 2595 libri
1565 2563 1677 2605 pleri-

245 2623 311 2653 que
328 2613 341 2656 ll
360 2615 402 2647 24
418 2614 534 2648 clavus
552 2614 564 2658 ΙΙ
584 2616 626 2648 26
641 2624 727 2657 quas
743 2614 865 2647 Dousa
882 2615 894 2655 u
914 2615 955 2648 28
969 2616 1049 2657 post
1067 2614 1109 2648 29
1124 2613 1294 2646 collocari
1309 2611 1403 2644 malo
1422 2609 1434 2653 ΙΙ
1453 2610 1493 2643 31
1509 2607 1680 2651 Hecatesfl

245 2659 288 2691 32
314 2657 495 2693 Battiadae
521 2660 610 2692 vatis
635 2660 768 2692 Daniel
786 2660 791 2702 l
812 2659 964 2692 mirando
1663 2661 1671 2686 ‘-
