1728 2886
666 136 852 171 SATIRAE
1413 139 1463 178 67

33 235 70 281 ,ἐξ
744 263 765 286 t

149 305 368 357 Eumolpus
398 313 547 354 autem,
589 306 678 357 quia
710 306 912 345 effractum
946 307 1086 347 ostium
1119 308 1239 348 cellae
1270 310 1465 349 neminem

33 364 188 417 poterat
218 362 445 411 excludere,
476 362 658 414 irrumpit
686 363 939 413 perturbatus
960 370 998 403 et
1020 364 1163 404 ‘mille’
1185 365 1314 417 inquit
1334 370 1463 405 ‘num-

33 426 120 461 mos
157 417 311 465 inveni;
350 418 426 458 iam
456 419 562 458 enim
593 430 809 470 persequar
838 418 1048 459 abeuntem
1079 433 1318 472 praeconem
1354 428 1392 462 et
1421 423 1461 462 in

32 479 225 531 ppt-estate
255 480 319 513 tua
351 487 434 515 esse
461 474 643 514 Gitonem
673 474 919 515 meritissima
951 475 1174 527 proditione
1206 478 1461 521 monstrabo'.

30 538 159 585 genua
180 543 252 582 ego
275 531 558 582 perseverantis
578 530 805 582 amplector,
827 543 878 571 ne
899 532 1114 573 morientes
1134 533 1248 573 vellet
1269 535 1461 584 occidere,

29 591 73 628 et
91 587 256 626 ‘merito'
278 588 436 639 inquam
459 587 787 635 ‘excandesceres‚
809 588 840 627 si
861 600 998 639 posses
1018 589 1214 640 perditum
1237 592 1459 631 ostendere.

33 655 142 683 nunc
161 643 266 683 inter
286 644 436 684 turbam
457 656 558 696 puer
579 644 687 694 fugit,
710 655 784 683 nec
806 656 885 695 quo
905 644 1057 692 abierit,
1079 646 1268 698 suspicari
1286 659 1460 698 possum.

31 711 104 752 per
126 700 263 747 fidem,
294 699 507 752 Eumolpe,
538 701 657 740 reduc
679 712 846 752 puerum
866 707 905 740 et
925 701 983 740 vel
1004 702 1160 754 Ascylto
1182 703 1326 742 redde’.
1367 704 1459 743 dum

31 755 126 796 haec
146 768 220 807 ego
242 756 317 795 iam
337 757 512 797 credenti
533 756 769 808 persuade0,
800 756 916 796 Giton
939 757 1171 798 collectione
1192 759 1354 811 spiritus
1374 760 1459 812 ple-

31 823 108 852 nus
138 818 198 851 ter
226 813 419 852 continuo
450 814 499 854 ita
529 813 780 860 sternutavit,
821 818 864 852 ut
892 813 1097 865 grabatum
1128 821 1370 856 concuteret,
1411 817 1458 856 ad

28 870 147 920 quem
177 875 325 908 motum
347 869 563 922 Eumolpus
584 881 798 909 conversus
818 869 964 909 salvere
985 870 1127 911 Gitona
1149 871 1269 911 iubet.
1309 878 1459 912 remota

28 924 142 965 etiam
173 925 314 964 culcita
343 925 446 965 videt
477 926 644 971 Vlixem,
680 925 744 965 cui
774 926 833 965 vel
864 927 1040 967 esuriens
1071 927 1238 980 Cyclops
1267 930 1460 980 potuisset

28 989 201 1034 pnrcere.
241 992 331 1020 mox
362 994 574 1022 conversus
604 983 650 1020 ad
681 994 743 1020 me
765 981 871 1032 ‘quid
902 982 974 1022 est’
995 983 1125 1034 inquit
1147 983 1288 1024 ‘latro‘l
1319 997 1369 1024 ne
1390 985 1458 1025 de-

29 1036 246 1090 prehensus
276 1037 434 1088 quidem
464 1050 582 1078 ausus
612 1050 653 1077 es
683 1037 777 1076 milii
807 1050 941 1077 verum
972 1039 1113 1079 dicere.
1155 1041 1274 1080 immo
1301 1041 1340 1080 ni
1362 1042 1458 1082 deus

29 1093 183 1145 quidam
219 1094 478 1134 humanarum
510 1106 640 1134 rerum
673 1093 819 1133 arbiter
848 1095 1036 1145 pendenti
1068 1108 1192 1147 puero
1225 1098 1458 1138 excussisset

26 1149 234 1195 indicium,
255 1150 387 1191 elusus
407 1152 510 1191 circa
535 1150 701 1204 popinas
721 1162 893 1189 errarem
906 1150 915 1165 '

46 1222 52 1226 ‘
727 1220 748 1244 *

137 1261 252 1301 Giton
285 1262 402 1313 longe
433 1262 612 1302 blandior
633 1274 748 1314 quam
771 1275 865 1314 ege,
896 1263 1064 1314 primum
1087 1263 1243 1304 araneis
1263 1264 1350 1304 oleo
1371 1277 1454 1304 ma-

24 1316 208 1358 dentibus
229 1317 390 1366 vulnus,
412 1320 515 1370 quod
536 1319 576 1358 in
600 1319 810 1370 supercilio
832 1319 975 1359 sactum
997 1325 1102 1369 erat,
1124 1322 1323 1360 coartavit.
1363 1334 1455 1361 mox

26 1372 180 1426 palliolo
201 1386 272 1414 suo
293 1374 499 1414 laceratam
521 1376 682 1415 mutavit
701 1380 868 1423 vestem,
899 1376 1183 1428 amplexusque
1203 1377 1278 1416 iam
1298 1377 1453 1428 mitiga-

25 1435 106 1470 tum
136 1430 277 1470 osculis
306 1437 491 1483 tanquam
523 1432 707 1471 fomentis
736 1443 942 1483 aggressus
972 1438 1031 1472 est
1060 1438 1100 1472 et
1129 1433 1183 1472 ‘in
1215 1433 1294 1473 tua'
1325 1434 1454 1485 inquit

25 1488 148 1539 ‘pater
167 1487 385 1534 carissime,
417 1488 457 1527 in
491 1494 554 1527 tua
585 1500 720 1528 sumus
750 1488 938 1528 custodia.
979 1489 1011 1528 si
1033 1489 1175 1528 Gitona
1199 1495 1311 1529 tuum
1333 1502 1451 1538 amas,

24 1541 155 1594 incipe
186 1543 281 1583 velle
311 1555 479 1583 servare.
521 1544 672 1583 utinam
702 1556 764 1583 me
795 1544 921 1584 solum
944 1545 1127 1584 inimicus
1148 1545 1251 1597 ignis
1279 1547 1454 1586 hauriret

22 1597 83 1638 vel
111 1598 322 1639 hibernum
353 1600 552 1640 invaderet
577 1612 696 1640 mare.
738 1613 811 1652 ego
833 1603 938 1640 enim
961 1602 1137 1641 omnium
1158 1602 1348 1643 scelerum
1369 1615 1452 1643 ma-

23 1655 142 1703 teria,
163 1668 236 1707 ego
258 1667 373 1695 causa
395 1669 493 1696 sum.
534 1657 565 1697 si
586 1657 778 1708 perirem,
800 1658 1030 1697 conveniret
1049 1657 1242 1698 inimicis’

724 1726 747 1752 *

133 1771 218 1820 ‘ego
239 1768 296 1807 sic
317 1780 474 1820 semper
494 1774 532 1808 et
554 1769 699 1820 ubique
719 1770 815 1815 vixi,
843 1775 886 1809 ut
905 1770 1079 1809 ultimam
1102 1783 1300 1822 quamque
1321 1771 1447 1811 lucem
1463 1778 1518 1819 99

23 1827 204 1875 tanquam
228 1836 307 1863 non
331 1825 541 1864 redituram
563 1826 860 1865 consumerem’

63 1900 65 1904 ’
721 1896 743 1920 *

131 1936 304 1989 profusis
325 1949 397 1988 ego
418 1937 588 1978 lacrimis
604 1950 700 1989 rogo
718 1950 956 1990 quaesoque,
979 1945 1022 1978 ut
1038 1950 1192 1978 mecum
1209 1951 1368 1990 quoque
1385 1951 1449 1979 re—

22 1991 108 2032 deat
126 1993 166 2032 in
187 1993 369 2043 gratiam:
394 2005 523 2045 neque
539 1994 643 2034 enim
662 1995 701 2034 in
720 1995 933 2034 amantium
950 2007 1035 2035 esse
1052 2000 1245 2047 potestate
1260 1995 1449 2035 furiosam

22 2048 331 2089 tumulationem.
377 2050 558 2090 daturum
588 2057 718 2091 tamen
752 2063 934 2103 operam,
966 2063 1016 2090 ne
1047 2056 1114 2091 aut
1142 2051 1266 2091 dicam
1297 2057 1363 2091 aut
1392 2052 1447 2091 fa-

21 2104 118 2147 vhm
144 2105 331 2158 amplius,
361 2118 440 2157 quo
462 2108 586 2158 possit
607 2108 766 2147 offendi.
808 2114 959 2147 tantum
982 2119 1139 2147 omnem
1162 2107 1446 2148 scabitudinem

22 2160 138 2203 animi
158 2167 341 2214 tanquam
371 2161 569 2203 *bonarum
600 2165 742 2203 artium
773 2164 960 2216 magister
980 2164 1128 2204 deleret
1149 2164 1234 2204 sine
1255 2164 1446 2204 cicatrice.

23 2216 190 2261 ‘incultis
209 2219 435 2270 asperisque
456 2220 684 2270 regionibus
705 2221 852 2260 diutius
873 2220 982 2261 nives
1003 2221 1178 2268 haerent,
1200 2226 1259 2260 ast
1279 2220 1347 2260 ubi
1363 2233 1448 2260 ara-

20 2278 84 2315 tm
101 2273 315 2315 domefacta
347 2276 461 2316 tellus
483 2277 602 2325 nitet,
633 2277 725 2316 dum
747 2277 940 2329 loqueris,
971 2277 1066 2317 levis
1087 2277 1229 2329 pruina
1252 2277 1447 2317 dilabitur.

21 2329 195 2372 militer
213 2331 252 2371 in
274 2332 501 2383 pectoribus
521 2333 576 2372 ira
597 2334 787 2373 considit:
811 2335 912 2373 seras
934 2333 1093 2385 quidem
1113 2339 1266 2373 mentes
1283 2333 1446 2382 obsidet,

21 2386 187 2428 eruditas
225 2387 488 2440 praelabitur!
535 2395 590 2429 ‘ut
619 2390 730 2430 scias’
762 2390 891 2442 inquit
922 2389 1140 2442 Eumolpus
1170 2394 1318 2429 ‘verum
1349 2402 1446 2439 esse,

127 2532 149 2565 4
171 2532 403 2576 propositione
432 2531 445 2577 Ι
470 2535 490 2567 6
517 2533 684 2577 proditum
715 2533 728 2576 ΙΙ
759 2535 796 2567 11
825 2533 974 2566 sonitum
998 2533 1145 2566 Iahnius
1171 2532 1184 2576 ΙΙ
1215 2534 1258 2568 23
1282 2533 1349 2574 vel]
1376 2537 1411 2567 ut
1435 2533 1447 2577 ΙΙ

20 2574 310 2619 ”immistum
335 2576 522 2621 Eumolpus
552 2579 566 2623 ss
594 2581 632 2613 31
664 2579 779 2612 animo
800 2578 805 2621 l
827 2579 900 2612 sine
925 2578 1042 2612 dolore
1068 2577 1345 2621 Scaliger-anm:
1369 2577 1446 2618 for-

19 2620 109 2656 enna
130 2622 343 2656 cunctatione
360 2622 373 2667 ΙΙ
394 2623 437 2657 32
464 2624 519 2657 ubi
545 2633 584 2658 ea
610 2627 723 2658 aratro
742 2623 755 2668 Ι
772 2624 815 2657 35
842 2623 1097 2667 praeterlabitur
1124 2622 1368 2658 Tornaestana

1118 2681 1167 2714 5*
