1728 2886
216 155 297 192 154
839 152 1034 187 CARMINA

374 268 499 308 Gades
519 267 698 308 Herculis
718 266 973 319 umidumque
993 267 1137 315 Tibur;

273 333 311 365 10
369 325 528 378 Cyllene
549 323 667 364 celeri
687 323 760 363 deo
783 323 928 373 nivosa,

365 382 476 422 tardo
500 382 648 434 gratior
668 387 846 421 aestuosa
863 380 1057 429 Lemnos3

366 439 579 478 Hennaeae
602 438 784 478 Cererem
806 449 931 477 nurus
951 438 1218 489 frequentant,

366 502 516 548 raptam
540 495 701 548 Cyzicos
722 500 898 534 ostreosa
920 494 1057 542 divam,

369 554 582 592 formosam
603 552 796 591 Venerem
817 551 962 591 Cnidos
981 551 1215 603 Paphosque

370 833 476 885 quod
492 834 563 874 sim
587 834 660 873 iam
682 833 816 873 senior
836 846 1046 885 meumque
1067 834 1175 874 canis

369 903 458 930 cum
478 890 599 930 barba
619 897 737 943 caput
756 890 896 930 albicet
916 890 1084 943 capillis:

369 947 587 1000 deprensos
609 960 681 999 ego
703 948 905 999 perforare
925 960 1086 1000 possum

370 1004 584 1044 Tithonum
607 1004 885 1056 Priamumque
907 1005 1203 1056 Nestoremque.

853 1105 1025 1146 LXXVII

370 1175 586 1214 lmmanem
606 1174 848 1214 stomachum
871 1174 965 1214 mihi
985 1174 1161 1222 movetis,

371 1231 438 1283 qui
458 1232 617 1271 densam
638 1231 762 1270 facitis
781 1231 948 1270 subinde
968 1244 1124 1284 saepem

371 1295 410 1328 et
429 1290 538 1328 sures
558 1287 777 1339 prohibetis
798 1287 874 1327 huc
895 1288 1013 1328 adire.

371 1345 447 1385 hoc
468 1351 526 1385 est
546 1345 712 1393 laedere,
734 1344 826 1384 dum
847 1345 1005 1394 iuvatis;
1026 1345 1102 1384 hoc
1123 1351 1182 1385 est

294 1409 314 1441 5
372 1415 453 1442 non
476 1401 680 1441 admittere
701 1400 747 1440 ad
770 1413 962 1452 aucupem
982 1402 1174 1441 volucres.

375 1458 576 1499 obstructa
598 1464 658 1498 est
677 1458 749 1506 via,
772 1471 846 1497 nec
867 1458 958 1497 licet
978 1458 1122 1498 iacenti

373 1516 521 1555 iactura
541 1515 642 1554 natis
663 1514 820 1567 expiare
841 1515 1009 1567 culpam.

375 1584 469 1624 ergo
492 1572 559 1624 qui
579 1571 691 1623 prius
711 1583 837 1622 usque
858 1578 896 1610 et
917 1584 1042 1623 usque
1064 1578 1102 1611 et
1122 1584 1248 1623 usque

375 1630 506 1669 surum
528 1629 709 1669 scindere
730 1628 890 1680 podices
910 1628 1098 1677 solebam,

279 1693 314 1726 10
372 1698 446 1738 per
467 1693 605 1726 noctes
625 1685 774 1736 aliquot
793 1685 954 1736 diesque
976 1697 1098 1725 cesso.

375 1755 524 1794 poenas
545 1742 595 1782 do
615 1754 786 1794 quoque,
809 1748 906 1793 quot
925 1741 1017 1782 satis
1037 1754 1236 1794 superque
1257 1748 1326 1791 est,

373 1800 414 1839 in
436 1812 650 1851 semenque
671 1798 767 1838 abeo
790 1798 974 1850 salaxque
995 1799 1192 1850 quondam

375 1869 485 1896 nunc
504 1856 620 1896 vitam
642 1867 788 1908 perago
809 1878 863 1884 —
886 1855 974 1907 quis
994 1856 1069 1895 hoc
1089 1853 1272 1908 putaret?
1294 1877 1349 1884 —-

375 1920 419 1953 ut
440 1913 574 1954 clusus
594 1913 841 1953 citharoedus
862 1911 1136 1952 abstinentem.

282 1977 319 2010 15
378 1978 417 2010 at
435 1983 516 2019 vos,
540 1983 590 2010 ne
611 1981 769 2023 peream
790 1969 867 2011 situ
887 1969 1013 2017 senili,

376 2039 533 2078 quaeso,
555 2027 722 2067 desinite
741 2039 826 2066 esse
846 2026 1052 2077 diligentes

383 2097 481 2124 neve
499 2083 691 2136 imponite
711 2082 872 2122 fibulam
892 2082 1049 2135 Priapo.

877 2183 1068 2223 LXXVIII

377 2255 426 2293 At
446 2253 484 2294 di
506 2254 679 2305 deaeque
700 2252 884 2292 dentibus
904 2252 982 2291 tuis
1003 2263 1132 2291 escam

378 2318 537 2363 negent,
559 2311 704 2350 amicae
725 2309 957 2361 cunnilinge
978 2308 1139 2356 vicinae,

379 2380 450 2418 per
471 2380 589 2419 quem
610 2367 739 2419 puella
760 2365 874 2406 fortis
887 2371 979 2405 ante
995 2377 1069 2405 nec
1085 2364 1252 2404 mendax

378 2432 416 2463 et
437 2437 537 2476 quae
557 2418 706 2465 solebat
726 2423 894 2475 impigro
915 2422 1019 2462 celer
1039 2433 1156 2474 passu

302 2487 320 2519 5
379 2480 424 2519 ad
446 2494 520 2522 nos
539 2481 686 2530 venire,
708 2492 817 2520 nunc
838 2479 986 2519 misella
1007 2478 1182 2518 landicae

380 2538 442 2577 vix
461 2550 578 2590 posse
598 2538 701 2578 iurat
720 2536 919 2576 ambulare
939 2548 1033 2588 prae
1053 2534 1180 2575 fossis.

342 2626 489 2660 LXXVII
507 2629 522 2661 1
551 2626 677 2661 videtis
698 2626 703 2667 Ι
727 2627 768 2660 13
786 2636 853 2659 non
871 2625 976 2659 vitam
997 2624 1003 2668 Ι
1026 2625 1068 2658 14
1084 2626 1121 2658 ut
1145 2622 1260 2657 elusus
1277 2621 1406 2665 (clusus
1424 2630 1519 2656 unm
1535 2619 1662 2664 codex)

230 2672 444 2706 citharoedus
469 2672 675 2706 abstinerem
693 2672 705 2716 ΙΙ
722 2670 882 2705 LXXVIII
906 2673 926 2704 5
951 2669 1101 2704 landices
1677 2667 1723 2694 >²
