1728 2886
127 1195 207 1235 127

239 113 294 151 94
862 116 1067 152 PETRONII

242 242 333 270 nam
366 229 554 282 quicquid
585 229 740 278 dixero,
771 231 903 271 minus
934 232 1019 272 erit.
1060 233 1190 273 crines
1220 233 1382 285 ingenio
1403 247 1475 275 suo
1496 235 1586 275 flexi
1606 247 1695 288 per]

240 293 346 327 totos
375 299 418 327 se
437 298 597 326 umeros
618 286 858 335 effuderant,
890 289 1002 329 frons
1022 289 1184 329 minima
1205 296 1244 330 et
1265 303 1366 342 quae
1386 291 1538 332 radices
1558 292 1682 344 capil-

240 344 370 384 lorum
401 348 508 382 retro
538 343 716 392 flexerat,
748 345 958 397 supercilia
988 358 1115 398 usque
1145 346 1193 386 ad
1224 348 1414 388 malarum
1443 349 1680 401 scripturam

240 400 442 440 currentia
462 406 501 439 et
520 412 659 440 rursus
680 402 855 441 confinio
876 402 1071 443 luminum
1092 415 1218 456 paene
1238 404 1432 456 permixta
1447 435 1457 454 ,
1480 405 1585 446 oculi
1605 405 1684 445 cla-

240 457 366 498 riores
396 456 520 497 stellis
550 462 658 497 extra
686 457 822 498 lunam
852 459 1115 511 fulgentibus,
1149 473 1265 502 nares
1294 461 1496 514 paululum
1518 461 1684 503 inflexae

242 519 281 554 et
308 514 488 555 osculum
518 514 632 566 quale
663 514 878 555 Praxiteles
900 516 1046 557 habere
1069 517 1232 557 Dianam
1254 518 1432 558 credidit.
1472 518 1549 558 iam
1570 530 1684 559 men-

241 577 349 620 tum,
372 571 449 611 iam
469 571 622 621 cervix,
644 571 721 611 iam
741 584 905 620 manus,
927 573 1002 612 iam
1025 573 1171 626 pedum
1194 574 1343 615 candor
1362 575 1465 616 intra
1487 575 1571 615 auri
1593 587 1685 628 gra-

242 628 315 668 cile
345 628 547 668 vinculum
578 628 749 681 positus:
781 629 939 669 Parium
971 642 1143 671 marmor
1164 631 1394 672 extinxerat.
1435 632 1566 684 itaque
1587 638 1684 673 tunc

240 685 412 737 primum
435 685 578 724 Dorida
598 690 710 725 vetus
730 690 880 724 amator
901 687 1121 740 contempsi

953 757 974 781 *

382 798 476 849 quid
497 798 644 837 factum
666 803 736 846 est,
759 799 863 850 quod
885 805 928 838 tu
949 799 1150 851 proiectis,
1172 799 1360 853 Iuppiter,
1383 802 1501 842 armis

445 854 549 894 inter
569 854 774 895 caelicolas
794 855 926 895 fabula
946 862 1055 896 muta
1080 855 1216 897 taces?

384 923 492 951 nunc
524 917 609 951 erat
638 923 658 950 a
689 917 797 952 torva
827 912 1060 953 submittere
1082 926 1232 954 cornua
1254 914 1397 964 fronte,

444 980 554 1008 nunc
573 968 706 1020 pluma
727 981 848 1009 canos
868 970 1113 1011 dissimulare
1136 976 1238 1011 tuos.

381 1025 478 1065 haec
500 1037 589 1065 vera
610 1031 670 1066 est
691 1025 834 1066 Danae.
876 1033 1023 1079 tempta
1043 1028 1160 1067 modo
1180 1034 1344 1079 tangere
1364 1039 1524 1080 corpus,

442 1082 518 1121 iam
539 1087 603 1122 tua
625 1082 1058 1131 flammiferomembra
1079 1085 1210 1124 calore
1230 1084 1357 1124 fluent

957 1155 978 1178 *

353 1195 544 1235 delectata
575 1195 638 1235 illa
659 1196 746 1237 risit
765 1202 845 1235 tam
875 1196 1063 1237 blandum
1077 1229 1086 1246 ‚
1118 1203 1162 1237 ut
1182 1198 1382 1237 videretur
1401 1197 1496 1237 mihi
1515 1197 1680 1249 plenum

243 1264 286 1292 os
308 1257 415 1292 extra
437 1252 584 1292 nubem
606 1253 699 1292 luna
721 1254 913 1305 proferre.
944 1267 1036 1294 mox
1057 1254 1187 1306 digitis
1207 1253 1523 1306 gubernantibus
1542 1266 1680 1294 vocem

240 1308 283 1348 ‘si
316 1321 399 1349 non
431 1309 593 1349 fastidis'
622 1310 752 1361 inquit
782 1311 982 1350 ‘feminam
1014 1317 1192 1351 ornatam
1223 1318 1262 1350 et
1281 1311 1358 1351 hoc
1379 1311 1550 1364 primum
1571 1323 1678 1351 anno

237 1365 365 1405 virum
386 1371 600 1418 expertam,
623 1367 791 1406 concilio
814 1367 896 1415 tibi,
921 1381 944 1406 o
966 1368 1130 1416 iuvenis,
1152 1380 1345 1408 sororem.
1384 1368 1505 1408 habes
1525 1373 1570 1408 tu
1590 1368 1679 1420 qui-

237 1422 327 1462 dem
349 1429 388 1463 et
408 1424 592 1471 fratrem,
615 1436 744 1475 neque
767 1424 874 1463 enim
895 1436 957 1464 me
979 1424 1106 1476 piguit
1127 1425 1350 1477 inquirere,
1380 1426 1447 1466 sed
1470 1425 1564 1477 quid
1585 1437 1679 1477 pro-

236 1479 346 1519 hibet
376 1485 416 1519 et
445 1492 621 1520 sororem
651 1479 869 1532 adoptare?
900 1481 1038 1521 eodem
1069 1482 1192 1533 gradu
1212 1482 1340 1522 venio.
1381 1487 1422 1522 tu
1447 1487 1600 1522 tantum
1620 1481 1686 1521 dim

235 1548 358 1587 gnare
375 1541 414 1576 et
428 1548 561 1576 meum
578 1537 771 1585 osculum,
783 1549 874 1577 cum
891 1537 1066 1586 libuerit,
1082 1539 1324 1590 agnoscere’.
1356 1538 1501 1578 ‘immo'
1517 1539 1680 1590 inquam

237 1605 310 1645 ego
333 1596 418 1645 ‘per
437 1594 604 1633 formam
627 1600 733 1633 tuam
754 1600 792 1633 te
815 1606 926 1644 rogo,
949 1607 1000 1634 ne
1015 1595 1187 1635 fastidias
1201 1595 1407 1635 hominem
1422 1595 1679 1648 peregrinum
1701 1630 1704 1636 ,

235 1650 342 1690 inter
362 1650 536 1691 cultores
555 1651 774 1690 admittere.
816 1651 993 1692 invenies
1014 1652 1263 1705 religiosum,
1294 1652 1329 1693 si
1347 1659 1387 1692 te
1407 1652 1561 1692 adorari
1581 1663 1674 1704 per-
1696 1677 1697 1681 =

234 1707 400 1747 miseris.
442 1720 486 1747 ac
518 1720 568 1747 ne
599 1720 661 1747 me
690 1708 840 1748 iudices
869 1709 914 1748 ad
937 1709 1012 1748 hoc
1033 1709 1224 1761 templum
1246 1709 1402 1750 Amoris
1422 1708 1542 1762 gratis
1561 1720 1697 1749 acce-f

233 1764 350 1812 dere,
382 1765 488 1804 dono
518 1764 588 1804 tibi
619 1765 779 1804 fratrem
810 1765 968 1804 meum.'
1027 1764 1165 1818 ‘quid?
1194 1765 1251 1806 tu'
1281 1766 1411 1818 inquit
1441 1765 1507 1806 illa
1538 1765 1676 1806 ‘donas

233 1820 331 1860 mihi
361 1833 473 1869 eum,
504 1821 591 1861 sine
622 1833 701 1873 quo
735 1834 814 1861 non
838 1828 951 1873 potes
971 1822 1118 1870 vivere,
1151 1835 1198 1863 ex
1219 1823 1332 1863 cuius
1353 1823 1490 1863 osculo
1509 1822 1677 1875 pendes,

234 1889 352 1929 quem
384 1878 440 1918 sic
461 1884 504 1917 tu
520 1890 650 1927 amas,
682 1878 1011 1930 quemadmodum
1034 1891 1106 1931 ego
1128 1885 1166 1919 te
1189 1880 1276 1919 volo
1289 1878 1321 1919 ‘I'
1359 1879 1457 1919 haec
1477 1879 1563 1932 ipsa
1583 1891 1675 1919 cum

233 1934 402 1983 diceret,
442 1940 549 1974 tanta
587 1935 710 1986 gratia
747 1935 983 1976 conciliabat
1012 1949 1148 1976 vocem
1180 1936 1400 1988 loquentis,
1440 1942 1520 1976 tam
1550 1935 1680 1976 dulcis

232 2003 355 2031 sonus
376 1997 683 2044 pertemptatum
705 1991 905 2032 mulcebat
920 2005 1021 2042 aera,
1044 1998 1087 2033 ut
1105 1999 1267 2045 putares
1281 1993 1387 2033 inter
1401 2005 1518 2034 auras
1530 2004 1673 2033 canere
1692 2016 1693 2020 =

232 2048 419 2088 Sirenum
451 2049 718 2088 concordiam.
759 2049 890 2101 itaque
920 2050 1079 2089 miranti
1110 2056 1150 2089 et
1178 2055 1263 2090 toto
1283 2050 1380 2090 mibi
1401 2050 1510 2090 caelo
1531 2049 1690 2090 clarius-

233 2105 368 2145 nescio
401 2105 494 2157 quid
525 2106 728 2146 relucente
759 2106 874 2146 libuit
904 2105 996 2147 deae
1020 2118 1166 2147 nomen
1190 2118 1395 2159 quaerere.
1435 2105 1513 2146 ‘ita’
1543 2106 1675 2158 inquit

234 2165 331 2201 ‘non
363 2162 460 2202 dixit
489 2162 559 2202 tibi
591 2162 731 2202 ancilla
752 2175 839 2203 mea
859 2175 923 2202 me
946 2163 1084 2203 Circen
1105 2162 1267 2204 vocari?
1300 2176 1382 2204 non
1404 2175 1492 2204 sum
1513 2162 1687 2215 quidem·

232 2218 335 2258 Solis
366 2219 601 2271 progenies,
635 2232 709 2259 nec
740 2232 826 2259 mea
858 2225 1002 2269 mater,
1034 2220 1127 2260 dum
1159 2221 1306 2273 placet,
1337 2220 1506 2261 labentis
1534 2219 1704 2260 mundiw

231 2287 391 2316 cursum
430 2276 610 2316 detinuit.
659 2275 815 2316 habebo
845 2282 976 2317 tamen
1008 2277 1114 2329 quod
1146 2277 1254 2317 caelo
1285 2277 1498 2330 imputem,
1535 2276 1569 2317 si
1599 2289 1687 2326 nos.

232 2332 307 2371 fata
347 2333 641 2373 coniunxerint.
686 2333 807 2373 immo
847 2333 924 2374 iam
966 2334 1098 2374 nescio
1139 2334 1231 2386 quid
1263 2334 1392 2375 tacitis
1421 2333 1689 2387 cogitationi-l

229 2388 305 2428 bus
335 2389 432 2430 deus
462 2389 553 2442 agit.
597 2402 670 2430 nec
701 2390 786 2430 sine
819 2402 935 2431 causa
967 2391 1192 2443 Polyaenon
1220 2391 1332 2431 Circe
1362 2397 1484 2431 amat:
1515 2396 1697 2443 semper&

345 2490 363 2522 3
382 2489 573 2523 stricturam
594 2489 786 2523 Gessnerus
802 2489 814 2534 ss
834 2492 854 2524 6
872 2490 969 2523 deam
987 2492 1122 2524 conieci
1137 2490 1150 2535 ΙΙ
1173 2492 1213 2524 16
1231 2490 1311 2523 mibi
1327 2492 1423 2523 extra
1441 2489 1567 2523 nubem
1589 2489 1697 2534 lunajgf

229 2536 332 2576 caput
350 2534 499 2575 proferre
519 2535 547 2567 L
563 2534 576 2579 ss
597 2536 637 2570 18
654 2534 830 2569 mulierem
848 2536 877 2569 L
894 2535 907 2580 ΙΙ
925 2538 968 2570 26
987 2535 1105 2580 quidni
1122 2535 1233 2580 inquit
1257 2535 1269 2580 Ι]
1296 2537 1340 2570 30
1357 2544 1455 2569 aures
1474 2534 1502 2568 0
1518 2534 1531 2578 ΙΙ
1549 2536 1589 2570 31
1618 2535 1697 2579 etl-12³

227 2577 382 2617 fortasse
408 2580 548 2623 aliquid
565 2583 858 2623 praetermissum
883 2584 934 2614 est
962 2580 975 2626 ΙΙ
1003 2583 1046 2616 33
1071 2581 1199 2614 Circem
1224 2591 1278 2614 me
1299 2581 1463 2624 plerique
1486 2580 1574 2613 lion·
1591 2578 1606 2624 ss
1622 2580 1697 2625 3433

226 2623 381 2663 sortasse
405 2625 484 2658 dum
509 2625 574 2659 deo
598 2626 712 2670 placet
729 2626 742 2670 ΙΙ
761 2628 802 2661 35
829 2626 939 2661 habeo
955 2627 985 2660 L
1002 2626 1015 2671 ΙΙ
1033 2628 1074 2661 37
1094 2636 1227 2670 semper
1242 2626 1448 2660 Ber-nemis:
1475 2624 1537 2659 sed
1554 2626 1690 2659 ceter-ia·
