1728 2886
692 97 878 132 SATlRAE
1446 98 1498 135 81

14 215 30 258 Ji
69 227 142 268 ego
171 214 370 255 vinculum
393 220 631 263 extremum,
663 221 702 254 et
721 213 839 254 veluti
859 214 960 254 lecto
982 213 1139 254 funebri
1161 218 1314 266 aptatus
1334 219 1499 265 expecto

14 280 37 326 gf
67 276 236 313 mortem
265 272 340 311 iam
372 284 453 311 non
480 271 695 311 molestam.
736 271 889 323 peragit
909 270 1066 311 interim
1086 275 1298 322 tempestas
1318 270 1499 310 mandata

12 330 42 350 ·’
66 329 236 376 fatorum
267 340 484 379 omnesque
504 327 689 379 reliquias
710 327 818 367 navis
839 333 1050 379 expugnat.
1091 340 1172 367 non
1195 326 1314 366 arbor
1333 331 1414 366 erat
1434 339 1498 366 re·

66 385 155 425 licta
169 416 179 434 ,
201 397 282 424 non
303 384 589 436 gubernacula,
611 395 691 422 non
713 383 820 423 funis
839 390 907 423 aut
925 395 1070 432 remus,
1091 384 1159 423 sed
1180 384 1290 435 quasi
1311 383 1419 424 rudis
1439 388 1498 423 at-

13 474 50 494 a*
66 454 142 494 que
163 441 307 481 insecta
328 441 510 481 materies
529 440 610 479 ibat
629 452 719 479 cum
741 439 928 479 fluctibus

146 533 151 538 ,
773 510 795 534 *

179 565 416 606 procurrere
444 553 660 604 piscatores
679 552 851 604 parvulis
873 552 1042 604 expediti
1064 552 1224 603 navigiis
1244 552 1291 591 ad
1312 552 1496 604 praedam

65 610 306 662 rapiendam.
346 609 487 649 deinde
517 615 562 648 ut
586 609 738 660 aliquos
758 609 961 657 viderunt,
992 610 1059 661 qui
1080 621 1170 649 suas
1192 621 1287 660 opes
1308 609 1496 648 desende-

65 672 176 715 rent‚
198 672 448 706 mutaverunt
469 665 738 705 crudelitatem
759 666 799 705 in
822 665 1005 705 auxilium

15 730 22 742 ⁵
55 735 59 742 ⁴
770 737 791 761 *

20 818 21 822 ,
179 779 357 819 audimus
379 791 559 818 murmur
579 778 779 818 insolitum
803 785 841 818 et
861 778 935 819 sub
956 778 1082 818 diaeta
1102 777 1277 829 magistri
1298 777 1409 828 quasi
1430 789 1499 817 cu·
1532 779 1612 819 115

36 838 37 841 ’
63 835 207 889 pientis
228 836 332 876 exire
353 836 491 875 beluae
511 835 713 886 gemitum.
749 835 947 887 persecuti
967 835 1089 887 igitur
1109 846 1253 874 sonum
1274 833 1498 875 invenimus

14 894 21 917 Γ·
64 891 301 944 Eumolpum
331 892 532 932 sedentem
553 891 886 943 membranaeque
907 891 1059 943 ingenti
1080 903 1215 930 versus
1235 890 1496 941 ingerentem.

19 952 24 958 ”
64 948 191 988 mirati
222 961 339 1000 ergo,
372 948 476 999 quod
508 948 561 987 illi
592 954 744 987 vacaret
774 950 813 988 in
845 948 985 987 vicinia
1016 947 1154 987 mortis
1184 958 1322 999 poema
1353 947 1496 995 facere,

64 1005 303 1045 extrahimus
332 1004 565 1044 clamantem
595 1004 854 1056 iubemusque
885 1004 1030 1043 bonam
1060 1003 1204 1043 habere
1231 1008 1416 1042 mentem.
1459 1009 1497 1043 at

16 1061 131 1105 cille
170 1061 441 1114 interpellatus
479 1061 690 1101 excanduit
729 1067 767 1101 et
798 1060 935 1101 ‘sinite
965 1060 1048 1100 me'
1077 1060 1207 1111 inquit
1237 1060 1495 1099 ‘sententiam

25 1145 27 1148 ·
62 1118 242 1170 explere;
283 1117 436 1157 laborat
470 1130 628 1157 carmen
669 1118 708 1156 in
740 1117 844 1157 fine’.
905 1117 1022 1157 inicio
1055 1128 1127 1168 ego
1159 1116 1380 1168 phrenitico
1411 1128 1494 1155 ma-

64 1186 159 1214 num
197 1174 392 1226 iubeoque
424 1174 565 1214 Gitona
603 1174 789 1214 accedere
830 1180 868 1214 et
898 1174 937 1213 in
975 1180 1119 1213 terram
1150 1173 1305 1212 trahere
1335 1178 1494 1224 poetam

61 1231 299 1284 mugientem

768 1285 787 1306 >k

174 1344 249 1383 hoc
288 1356 408 1396 opere
446 1343 603 1383 tandem
643 1343 840 1383 elaborato
876 1355 1004 1382 casam
1035 1342 1284 1393 piscatoriam
1314 1340 1492 1381 subimus

20 1415 45 1439 <s
61 1407 295 1449 maerentes,
317 1400 494 1452 cibisque
516 1400 718 1451 naufragio
740 1399 937 1451 corruptis
959 1405 1160 1450 utcunque
1175 1398 1298 1438 curati
1316 1398 1492 1438 tristissi-

61 1468 162 1496 mam
182 1457 382 1509 exegimus
404 1463 573 1496 noctem.
614 1462 774 1508 postero
796 1456 871 1504 die,
894 1468 983 1495 cum
1007 1467 1248 1508 poneremus
1270 1454 1491 1503 consilium,

60 1513 124 1553 cui
163 1526 236 1554 nos
271 1513 424 1565 regioni
454 1513 725 1561 crederemus,
764 1518 929 1564 repente
959 1512 1070 1551 video
1100 1524 1247 1562 corpus
1275 1512 1492 1551 humanum

59 1570 341 1610 circumactum
379 1569 452 1609 levi
482 1570 626 1608 vertice
655 1570 700 1608 ad
732 1569 823 1609 litus
854 1569 1009 1608 deferri.
1061 1568 1216 1608 substiti
1247 1580 1340 1619 ergo
1372 1567 1493 1608 tristis

59 1627 252 1678 coepique
281 1625 509 1666 umentibus
540 1625 663 1666 oculis
692 1626 811 1666 maris
841 1625 956 1665 fidem
988 1625 1184 1676 inspicere
1211 1630 1250 1663 et
1270 1625 1389 1664 ‘hunc
1411 1624 1492 1663 for-

15 1682 178 1726 *reitan’
199 1683 431 1748 proclamo‘
435 1683 473 1722 in
507 1682 634 1734 aliqua
663 1689 774 1735 parte
804 1688 999 1721 terrarum
1020 1693 1157 1722 secura
1179 1686 1357 1732 expectat
1377 1692 1491 1729 uxor,

12 1762 23 1767 ›·
59 1739 224 1780 forsitan
257 1740 418 1792 ignarus
448 1739 691 1790 tempestatis
712 1738 814 1778 filius
834 1745 901 1778 aut
923 1745 1053 1789 pater;
1087 1738 1221 1788 utique
1243 1737 1402 1788 reliquit
1422 1737 1491 1776 ali-

60 1807 190 1848 quem,
211 1797 274 1836 cui
295 1796 553 1848 proficiscens
575 1795 753 1835 osculum
774 1795 892 1834 dedit
932 1795 1028 1834 haec
1049 1800 1141 1834 sunt
1161 1793 1322 1834 consilia
1343 1799 1491 1832 morta-

58 1850 174 1901 lium,
203 1852 299 1893 haec
330 1859 418 1892 vota
439 1864 667 1904 magnarum
690 1852 984 1904 cogitationum.
1026 1864 1075 1890 en
1098 1851 1214 1890 homo
1238 1850 1491 1902 quemadmo-

59 1908 153 1948 dum
183 1909 301 1949 natat’
304 1939 314 1949 .
354 1909 480 1949 adhuc
503 1914 689 1960 tanquam
711 1909 890 1960 ignotum
912 1907 1121 1956 deflebam,
1152 1920 1241 1946 cum
1263 1907 1490 1947 inviolatum

16 1978 20 2001 z
49 1976 109 2005 ‘os
137 1965 279 2006 fluctus
308 1965 501 2005 convertit
529 1965 569 2004 in
591 1971 756 2013 terram,
787 1964 1006 2016 agnovique
1027 1963 1242 2004 terribilem
1262 1963 1379 2015 paulo
1400 1969 1491 2003 ante

59 2026 98 2061 ct
126 2021 410 2074 implacabilem
441 2022 600 2061 Licham
639 2022 804 2073 pedibus
844 2021 939 2060 meis
971 2033 1095 2072 paene
1125 2020 1358 2060 subiectum.
1407 2032 1487 2059 non

61 2078 171 2118 tenui
200 2079 318 2131 igitur
348 2079 494 2119 diutius
523 2078 722 2126 lacrimas,
763 2078 882 2117 immo
914 2077 1090 2129 percussi
1121 2077 1241 2116 semel
1270 2076 1490 2128 iterumque

59 2135 240 2175 manibus
259 2141 398 2188 pectus
418 2141 456 2175 et
477 2135 556 2174 ‘ubi
579 2147 686 2175 nunc
707 2134 776 2174 est'
798 2135 959 2186 inquam
982 2133 1197 2173 ‘iracundia
1219 2139 1305 2181 tua,
1327 2131 1395 2172 ubi
1416 2133 1489 2172 im-

60 2191 233 2243 potentia
271 2190 365 2232 tua?
406 2203 548 2243 nempe
583 2191 756 2243 piscibus
786 2191 990 2243 beluisque
1021 2190 1221 2242 expositus
1252 2202 1312 2237 es,
1353 2197 1391 2228 et
1422 2189 1488 2240 qui

32 2247 178 2299 paulo
207 2254 298 2288 ante
319 2248 487 2288 iactabas
508 2248 608 2288 vires
629 2248 781 2300 imperii
803 2248 881 2294 tui,
913 2247 960 2286 de
983 2254 1057 2287 tam
1079 2258 1218 2298 magna
1242 2258 1337 2285 nave
1359 2258 1410 2284 ne
1430 2252 1488 2284 ta-

59 2300 190 2344 hulam
219 2303 376 2356 quidem
409 2305 623 2356 naufragus
647 2305 780 2345 habes.
822 2305 872 2344 ite
904 2317 1013 2343 nunc
1034 2303 1237 2349 mortales,
1270 2307 1308 2341 et
1338 2301 1489 2354 magnis

64 2360 365 2412 cogitationibus
386 2367 544 2414 pectora
566 2361 737 2413 implete.
779 2362 830 2400 ite
851 2361 974 2407 cauti,
997 2366 1036 2400 et
1056 2373 1150 2412 opes
1172 2358 1374 2398 fraudibus
1395 2370 1487 2410 cap-

63 2420 122 2457 tas
150 2429 221 2469 per
249 2418 354 2458 mille
385 2430 512 2458 annos
541 2418 749 2469 disponite.
793 2429 935 2468 nempe
965 2417 1028 2456 hic
1059 2417 1235 2468 proxima
1257 2415 1344 2454 luce
1365 2415 1488 2468 patri-

173 2553 192 2586 8
217 2551 436 2595 cupiditatem
463 2553 641 2585 lacobsim
658 2552 670 2595 ΙΙ
691 2553 731 2585 16
756 2554 888 2595 portam
913 2551 967 2582 vel
990 2559 1126 2592 porcam
1149 2550 1162 2593 fl
1182 2551 1225 2584 20
1247 2549 1402 2590 fortasse
1426 2549 1489 2583 ini-

64 2604 176 2630 remus
193 2596 206 2640 Ι
223 2598 265 2631 23
290 2597 485 2631 viventibus
502 2596 515 2641 ΙΙ
533 2599 575 2631 25
599 2602 728 2641 patrem
753 2607 821 2639 quo
845 2598 984 2629 servato
1008 2598 1066 2628 aut
1090 2595 1180 2628 delet
1204 2595 1418 2638 Segebadius

130 2650 260 2679 Petronii
278 2652 386 2680 satirae
415 2652 461 2681 ed.
482 2651 522 2679 ln
1193 2654 1213 2686 6
