1728 2886
644 119 911 157 FRAGMENTA
1408 113 1489 160 2109

778 527 794 566 1

62 637 67 640 .
184 599 341 641 Servius
359 598 410 640 ad
431 597 574 654 Vergili
590 596 680 636 Aen.
701 594 765 635 III
774 593 852 636 57.-
869 595 954 638 ,auri
975 606 1083 635 sacra
1105 594 1239 644 fames]
1256 605 1365 634 sacra
1385 593 1420 633 id
1438 599 1496 633 est

63 655 309 701 τιθοιειὶιίἰὶε.
350 655 501 694 tractus
529 659 587 694 est
615 658 744 692 autem
774 664 905 692 sermo
935 664 981 691 ex
1012 663 1122 690 more
1151 650 1365 690 Gallorum.
1407 662 1494 689 nam

64 712 330 762 „assilienses
351 711 534 763 quotiens
554 709 775 762 pestilentia
798 707 1040 756 laborabant,
1062 719 1166 747 unus
1197 719 1238 747 se
1270 719 1317 746 ex
1346 718 1496 770 paupe-

84 767 103 778 '⁸
117 782 180 810 us
200 767 389 809 offerebat
408 767 570 807 alendus
589 779 695 806 anno
715 766 870 818 integro
890 764 1058 818 publicis
1078 763 1288 817 sumptibus
1304 769 1342 803 et
1360 763 1498 827 purio-

60 851 62 853 -
116 839 180 867 us
210 825 318 866 cibis.
359 825 422 865 hic
451 829 587 877 postea
617 828 779 862 ornatus
809 821 991 863 verbenis
1011 827 1050 861 et
1077 820 1249 861 vestibus
1278 820 1400 860 sacris
1420 819 1496 859 cir-

62 881 380 922 inducebatur
408 893 480 934 per
508 885 629 920 totam
662 879 854 919 civitatem
885 891 973 919 cum
1006 877 1339 926 execrationibus,
1378 882 1422 916 ut
1456 876 1497 915 in

60 950 200 995 psum
221 937 442 979 reciderent
461 937 560 977 mala
580 936 699 976 totius
719 936 894 984 civitatis,
917 941 955 975 et
974 935 1030 975 sic
1050 933 1391 987 praecipitabatur.
1420 933 1497 972 hoc

59 1011 76 1039 ,ς
93 1002 202 1036 utem
221 995 262 1035 in
284 994 470 1035 Petronio
491 994 636 1034 lectum
658 998 716 1032 est

766 1093 801 1132 ΙΙ

61 1192 66 1202 ι
187 1163 344 1204 Servius
373 1163 425 1204 ad
458 1161 598 1214 Vergili
617 1161 704 1202 Aen.
725 1159 814 1201 XII
839 1157 923 1201 159
953 1160 995 1200 de
1014 1159 1204 1211 semi'nino
1224 1160 1428 1198 nominum
1457 1160 1500 1197 in

69 1254 73 1258 ,
99 1233 150 1262 os
170 1223 392 1262 muntium
411 1231 544 1272 yenere
555 1220 814 1271 praecipiens:
836 1217 868 1258 si
888 1223 1020 1258 autem
1034 1228 1055 1255 a
1072 1214 1191 1255 verbo
1209 1227 1289 1255 non
1306 1214 1499 1262 venerint,

55 1294 66 1322 χ
84 1299 86 1303 ⁴
106 1278 297 1319 mmunia
333 1283 439 1318 sunt.
499 1287 589 1315 nam
618 1275 798 1316 similiter
825 1273 1039 1315 masculina
1069 1279 1108 1313 et
1136 1271 1326 1312 feminina
1355 1271 1395 1311 in
1426 1283 1502 1310 'ron

62 1339 231 1384 exeunt
251 1339 296 1374 ut
313 1333 378 1373 hic
398 1339 438 1373 et
456 1333 552 1373 haec
572 1337 750 1380 senator,
782 1331 846 1373 hic
875 1336 915 1371 et
943 1330 1040 1370 haec
1060 1329 1285 1377 balneator
1315 1328 1407 1368 licet
1426 1327 1499 1368 Pe-

52 1393 226 1439 nonius
244 1390 490 1443 usurpaverit
505 1387 809 1429 ‘balneatricem’
825 1387 961 1428 dicens

765 1489 816 1530 111

54 1595 58 1612 s
190 1560 404 1601 Pseudacro
425 1559 476 1599 ad
493 1558 635 1601 Horati
661 1557 775 1611 epod.
804 1554 927 1597 V48.
947 1555 1109 1600 Canidia
1129 1555 1275 1596 rodens
1304 1550 1503 1610 pollicem]

66 1617 250 1666 habitum
290 1623 329 1656 et
367 1622 517 1658 motum
548 1614 730 1655 Canidiae
768 1614 958 1690 expressit
986 1612 1164 1655 furentis.
1224 1611 1431 1651 Petronius
1460 1618 1505 1650 ut
1521 1642 1534 1646 γ.
1562 1634 1566 1637 »

60 1679 314 1719 monstraret
333 1674 541 1720 furentem,
563 1670 728 1724 ‘pollice’
748 1670 800 1710 ait
820 1673 958 1722 ‘usque
978 1670 1025 1710 ad
1046 1668 1266 1722 periculum
1287 1666 1390 1708 roso’

750 1771 821 1811 Illl

197 1853 378 1895 Sidonius
399 1852 632 1906 Apollinaris
652 1853 833 1892 carminis
852 1849 1002 1890 XXIII:

330 1916 386 1952 145
444 1909 536 1963 quid
558 1921 626 1948 vos
646 1908 791 1960 eloquii
813 1919 948 1952 canam
970 1906 1112 1954 Latini,

444 1965 624 2018 Arpinas,
646 1964 840 2012 Patavine,
862 1961 1102 2004 Mantuano?
1123 1985 1176 1991 —

330 2029 386 2062 155
443 2027 481 2062 et
500 2028 539 2061 te
554 2021 851 2062 Massiliensium
872 2032 945 2073 per
963 2020 1100 2060 hortos

445 2078 544 2118 sacri
565 2078 719 2130 stipitis,
741 2077 910 2125 Arbiter,
932 2076 1116 2117 colonum

446 2134 763 2187 Hellespontiaco
785 2146 920 2186 parem
942 2130 1115 2185 Priapo?

105 2245 132 2287 s
156 2245 182 2287 f
195 2203 297 2280 talngi
320 2201 460 2234 videtur
481 2212 538 2234 res
562 2212 667 2245 quam
690 2202 877 2234 Petronius
890 2200 1070 2233 Massiliae
1093 2197 1227 2238 factam
1251 2207 1323 2230 esse
1336 2195 1507 2236 finxerat,

125 2271 134 2281 ι
175 2258 205 2281 Γ.

88 2312 94 2322 “
778 2314 810 2354 V

18 2432 61 2440 Ἴ,
199 2382 421 2424 Priscianus
452 2385 738 2423 institutionum
764 2381 858 2422 VIII
883 2379 938 2422 16
962 2395 1002 2434 p.
1023 2378 1105 2422 381
1138 2385 1172 2419 et
1201 2377 1260 2418 XI
1284 2375 1341 2419 29
1364 2391 1404 2431 p.
1424 2374 1507 2419 56⁴7

22 2441 70 2477 ³1⁴
87 2437 242 2480 Επειδὴ·
268 2442 368 2480 inter
396 2439 568 2492 emempla
605 2440 739 2492 quibus
784 2439 1049 2492 deponentium
1077 2436 1280 2477 verborum
1305 2437 1509 2488 participia

19 2490 74 2562 'J
70 2498 286 2551 Βηθανία·
304 2498 484 2549 temporis
498 2498 692 2549 passivam
711 2495 1026 2548 ειῃηιγῐοαειοηωη
1053 2493 1190 2535 habere
1219 2491 1405 2536 declarat.-
1435 2492 1508 2532 Pe-

41 2552 243 2601 nunnius
263 2552 442 2598 ‘animam
464 2558 600 2597 nostro
621 2552 835 2604 amplexam
857 2550 1030 2605 pectore'

197 2618 356 2659 fonicon
379 2617 492 2659 fuerit
514 2620 554 2652 in
577 2620 782 2653 hemametro
807 2621 992 2661 nostroque
1014 2616 1202 2660 amplexum
1227 2618 1363 2660 pectore
