<?xml version="1.0" encoding="UTF-8"?>
<!DOCTYPE html PUBLIC "-//W3C//DTD XHTML 1.0 Transitional//EN"
    "http://www.w3.org/TR/xhtml1/DTD/xhtml1-transitional.dtd">
<html xmlns="http://www.w3.org/1999/xhtml" xml:lang="en" lang="en">
 <head>
  <title>
</title>
<meta http-equiv="Content-Type" content="text/html;charset=utf-8" />
  <meta name='ocr-system' content='tesseract 3.04.00' />
  <meta name='ocr-capabilities' content='ocr_page ocr_carea ocr_par ocr_line ocrx_word'/>
</head>
<body>
  <div class='ocr_page' id='page_1' title='image "./satiraeetliberpr00petruoft_0115.png"; bbox 0 0 1728 2886; ppageno 0'>
   <div class='ocr_carea' id='block_1_1' title="bbox 631 110 1484 174">
    <p class='ocr_par' dir='ltr' id='par_1_1' title="bbox 631 110 1484 174">
     <span class='ocr_line' id='line_1_1' title="bbox 631 110 1484 174; baseline 0.008 -7"><span class='ocrx_word' id='word_1_1' title='bbox 631 128 902 169; x_wconf 70' lang='lat' dir='ltr'><strong>FRAGMENTA</strong></span> <span class='ocrx_word' id='word_1_2' title='bbox 1275 110 1282 117; x_wconf 64' lang='grc'>’</span> <span class='ocrx_word' id='word_1_3' title='bbox 1406 136 1484 174; x_wconf 91' lang='lat'><strong>111</strong></span> 
     </span>
    </p>
   </div>
   <div class='ocr_carea' id='block_1_2' title="bbox 0 0 149 2589">
    <p class='ocr_par' dir='ltr' id='par_1_2' title="bbox 0 0 149 2589">
     <span class='ocr_line' id='line_1_2' title="bbox 0 0 140 507; baseline 0 -164"><span class='ocrx_word' id='word_1_4' title='bbox 0 0 140 507; x_wconf 95' lang='lat' dir='ltr'><strong>     </strong></span> 
     </span>
     <span class='ocr_line' id='line_1_3' title="bbox 0 507 82 614; baseline 0 0"><span class='ocrx_word' id='word_1_5' title='bbox 0 507 82 614; x_wconf 95' lang='lat' dir='ltr'><strong>  </strong></span> 
     </span>
     <span class='ocr_line' id='line_1_4' title="bbox 0 614 91 874; baseline 0 -38"><span class='ocrx_word' id='word_1_6' title='bbox 0 614 91 874; x_wconf 95' lang='lat' dir='ltr'><strong>     </strong></span> 
     </span>
     <span class='ocr_line' id='line_1_5' title="bbox 0 874 88 1168; baseline -0.023 -62"><span class='ocrx_word' id='word_1_7' title='bbox 0 874 88 1168; x_wconf 95' lang='lat' dir='ltr'><strong>    </strong></span> 
     </span>
     <span class='ocr_line' id='line_1_6' title="bbox 0 1168 87 1281; baseline 0 0"><span class='ocrx_word' id='word_1_8' title='bbox 0 1168 87 1281; x_wconf 95' lang='lat' dir='ltr'><strong>  </strong></span> 
     </span>
     <span class='ocr_line' id='line_1_7' title="bbox 0 1281 103 1570; baseline 0 -34"><span class='ocrx_word' id='word_1_9' title='bbox 0 1281 103 1570; x_wconf 95' lang='lat' dir='ltr'><strong>     </strong></span> 
     </span>
     <span class='ocr_line' id='line_1_8' title="bbox 0 1570 106 1898; baseline 0 -108"><span class='ocrx_word' id='word_1_10' title='bbox 0 1570 106 1898; x_wconf 95' lang='lat' dir='ltr'><strong>    </strong></span> 
     </span>
     <span class='ocr_line' id='line_1_9' title="bbox 0 1898 144 2031; baseline 0 -20"><span class='ocrx_word' id='word_1_11' title='bbox 0 1898 144 2031; x_wconf 95' lang='lat' dir='ltr'><strong>   </strong></span> 
     </span>
     <span class='ocr_line' id='line_1_10' title="bbox 0 2031 129 2120; baseline 0 0"><span class='ocrx_word' id='word_1_12' title='bbox 0 2031 129 2120; x_wconf 95' lang='lat' dir='ltr'><strong>   </strong></span> 
     </span>
     <span class='ocr_line' id='line_1_11' title="bbox 0 2120 137 2256; baseline 0 0"><span class='ocrx_word' id='word_1_13' title='bbox 0 2120 137 2256; x_wconf 95' lang='lat' dir='ltr'><strong>  </strong></span> 
     </span>
     <span class='ocr_line' id='line_1_12' title="bbox 0 2256 149 2589; baseline 0 -168"><span class='ocrx_word' id='word_1_14' title='bbox 0 2256 149 2589; x_wconf 95' lang='lat' dir='ltr'><strong>     </strong></span> 
     </span>
    </p>
   </div>
   <div class='ocr_carea' id='block_1_3' title="bbox 717 249 820 289">
    <p class='ocr_par' dir='ltr' id='par_1_3' title="bbox 717 249 820 289">
     <span class='ocr_line' id='line_1_13' title="bbox 717 249 820 289; baseline 0.01 -1"><span class='ocrx_word' id='word_1_15' title='bbox 717 249 820 289; x_wconf 84' lang='lat' dir='ltr'><strong>XII*</strong></span> 
     </span>
    </p>
   </div>
   <div class='ocr_carea' id='block_1_4' title="bbox 40 312 1484 538">
    <p class='ocr_par' dir='ltr' id='par_1_4' title="bbox 40 312 1484 481">
     <span class='ocr_line' id='line_1_14' title="bbox 80 312 1484 368; baseline 0.006 -16.88"><span class='ocrx_word' id='word_1_16' title='bbox 80 354 82 357; x_wconf 63' lang='grc'><strong>,</strong></span> <span class='ocrx_word' id='word_1_17' title='bbox 168 312 390 366; x_wconf 65' lang='grc' dir='ltr'><strong>Εαίῃεηιίπε</strong></span> <span class='ocrx_word' id='word_1_18' title='bbox 419 316 558 356; x_wconf 79' lang='lat' dir='ltr'><strong>ibidem</strong></span> <span class='ocrx_word' id='word_1_19' title='bbox 582 329 621 368; x_wconf 83' lang='lat' dir='ltr'><strong>p.</strong></span> <span class='ocrx_word' id='word_1_20' title='bbox 643 313 748 357; x_wconf 81' lang='lat'><em>567:</em></span> <span class='ocrx_word' id='word_1_21' title='bbox 789 317 997 358; x_wconf 83' lang='lat' dir='ltr'><strong>manubiae</strong></span> <span class='ocrx_word' id='word_1_22' title='bbox 1031 319 1218 358; x_wconf 84' lang='lat' dir='ltr'><strong>dicuntur</strong></span> <span class='ocrx_word' id='word_1_23' title='bbox 1253 326 1484 360; x_wconf 86' lang='lat' dir='ltr'><strong>ornamenta</strong></span> 
     </span>
     <span class='ocr_line' id='line_1_15' title="bbox 40 371 1484 428; baseline 0.004 -18"><span class='ocrx_word' id='word_1_24' title='bbox 40 373 204 424; x_wconf 40' lang='lat' dir='ltr'><strong>gegum.</strong></span> <span class='ocrx_word' id='word_1_25' title='bbox 244 371 349 411; x_wconf 85' lang='lat' dir='ltr'><strong>unde</strong></span> <span class='ocrx_word' id='word_1_26' title='bbox 378 378 416 412; x_wconf 92' lang='lat' dir='ltr'><strong>et</strong></span> <span class='ocrx_word' id='word_1_27' title='bbox 436 373 645 412; x_wconf 86' lang='lat' dir='ltr'><strong>Petronius</strong></span> <span class='ocrx_word' id='word_1_28' title='bbox 666 372 825 413; x_wconf 83' lang='lat' dir='ltr'>Arbiter</span> <span class='ocrx_word' id='word_1_29' title='bbox 852 374 903 414; x_wconf 84' lang='lat' dir='ltr'><strong>ait</strong></span> <span class='ocrx_word' id='word_1_30' title='bbox 933 379 1004 414; x_wconf 88' lang='lat' dir='ltr'><strong>‘tot</strong></span> <span class='ocrx_word' id='word_1_31' title='bbox 1026 387 1166 427; x_wconf 86' lang='lat' dir='ltr'><strong>regum</strong></span> <span class='ocrx_word' id='word_1_32' title='bbox 1188 376 1393 416; x_wconf 82' lang='lat' dir='ltr'><strong>manubiae</strong></span> <span class='ocrx_word' id='word_1_33' title='bbox 1414 389 1484 428; x_wconf 90' lang='lat' dir='ltr'><strong>pe-</strong></span> 
     </span>
     <span class='ocr_line' id='line_1_16' title="bbox 145 428 559 481; baseline 0 -13"><span class='ocrx_word' id='word_1_34' title='bbox 145 428 349 480; x_wconf 82' lang='lat' dir='ltr'><strong>sugitivum</strong></span> <span class='ocrx_word' id='word_1_35' title='bbox 370 428 559 481; x_wconf 88' lang='lat' dir='ltr'><strong>repertae&#39;</strong></span> 
     </span>
    </p>

    <p class='ocr_par' dir='ltr' id='par_1_5' title="bbox 59 492 831 538">
     <span class='ocr_line' id='line_1_17' title="bbox 59 492 831 538; baseline 0.001 -11"><span class='ocrx_word' id='word_1_36' title='bbox 59 492 61 494; x_wconf 66' lang='grc'><strong>’</strong></span> <span class='ocrx_word' id='word_1_37' title='bbox 165 494 340 527; x_wconf 82' lang='lat' dir='ltr'><strong>manubies</strong></span> <span class='ocrx_word' id='word_1_38' title='bbox 364 496 552 538; x_wconf 79' lang='lat' dir='ltr'><strong><em>utrobique</em></strong></span> <span class='ocrx_word' id='word_1_39' title='bbox 576 494 661 527; x_wconf 78' lang='lat' dir='ltr'><strong>libri</strong></span> <span class='ocrx_word' id='word_1_40' title='bbox 680 495 831 537; x_wconf 82' lang='lat' dir='ltr'><em>plurimi</em></span> 
     </span>
    </p>
   </div>
   <div class='ocr_carea' id='block_1_5' title="bbox 707 574 826 615">
    <p class='ocr_par' dir='ltr' id='par_1_6' title="bbox 707 574 826 615">
     <span class='ocr_line' id='line_1_18' title="bbox 707 574 826 615; baseline 0.008 -1"><span class='ocrx_word' id='word_1_41' title='bbox 707 574 826 615; x_wconf 90' lang='lat' dir='ltr'>XIII*</span> 
     </span>
    </p>
   </div>
   <div class='ocr_carea' id='block_1_6' title="bbox 57 641 1480 856">
    <p class='ocr_par' dir='ltr' id='par_1_7' title="bbox 57 641 1480 809">
     <span class='ocr_line' id='line_1_19' title="bbox 57 641 1480 695; baseline 0.004 -13"><span class='ocrx_word' id='word_1_42' title='bbox 57 691 59 694; x_wconf 11' lang='grc' dir='ltr'><em>Α</em></span> <span class='ocrx_word' id='word_1_43' title='bbox 163 641 385 694; x_wconf 73' lang='lat' dir='ltr'><strong>Fulyentius</strong></span> <span class='ocrx_word' id='word_1_44' title='bbox 411 642 550 683; x_wconf 82' lang='lat' dir='ltr'><strong><em>ibidem</em></strong></span> <span class='ocrx_word' id='word_1_45' title='bbox 571 655 613 695; x_wconf 82' lang='lat' dir='ltr'><strong>p.</strong></span> <span class='ocrx_word' id='word_1_46' title='bbox 629 641 734 684; x_wconf 81' lang='lat'><em>567.-</em></span> <span class='ocrx_word' id='word_1_47' title='bbox 765 645 977 684; x_wconf 77' lang='lat' dir='ltr'><strong>aumatium</strong></span> <span class='ocrx_word' id='word_1_48' title='bbox 1006 645 1151 685; x_wconf 89' lang='lat' dir='ltr'><strong>dicitur</strong></span> <span class='ocrx_word' id='word_1_49' title='bbox 1171 645 1282 686; x_wconf 84' lang='lat' dir='ltr'><strong>locus</strong></span> <span class='ocrx_word' id='word_1_50' title='bbox 1302 653 1480 687; x_wconf 84' lang='lat' dir='ltr'><strong>secretus</strong></span> 
     </span>
     <span class='ocr_line' id='line_1_20' title="bbox 62 698 1480 747; baseline 0.002 -7"><span class='ocrx_word' id='word_1_51' title='bbox 62 698 250 747; x_wconf 59' lang='lat' dir='ltr'><strong>sabucus,</strong></span> <span class='ocrx_word' id='word_1_52' title='bbox 282 698 383 739; x_wconf 88' lang='lat' dir='ltr'><strong>sicut</strong></span> <span class='ocrx_word' id='word_1_53' title='bbox 411 699 451 738; x_wconf 92' lang='lat' dir='ltr'><strong>in</strong></span> <span class='ocrx_word' id='word_1_54' title='bbox 481 699 642 740; x_wconf 85' lang='lat' dir='ltr'><strong>theatris</strong></span> <span class='ocrx_word' id='word_1_55' title='bbox 661 707 728 740; x_wconf 89' lang='lat' dir='ltr'><strong>aut</strong></span> <span class='ocrx_word' id='word_1_56' title='bbox 748 701 787 740; x_wconf 91' lang='lat' dir='ltr'><strong>in</strong></span> <span class='ocrx_word' id='word_1_57' title='bbox 810 701 928 741; x_wconf 80' lang='lat' dir='ltr'><strong>circo.</strong></span> <span class='ocrx_word' id='word_1_58' title='bbox 989 702 1094 742; x_wconf 87' lang='lat' dir='ltr'><strong>unde</strong></span> <span class='ocrx_word' id='word_1_59' title='bbox 1115 709 1154 742; x_wconf 88' lang='lat' dir='ltr'><strong>et</strong></span> <span class='ocrx_word' id='word_1_60' title='bbox 1176 702 1387 743; x_wconf 85' lang='lat' dir='ltr'><strong>Petronius</strong></span> <span class='ocrx_word' id='word_1_61' title='bbox 1407 703 1480 742; x_wconf 86' lang='lat' dir='ltr'><strong>Ar-</strong></span> 
     </span>
     <span class='ocr_line' id='line_1_21' title="bbox 65 755 1027 809; baseline 0.002 -13"><span class='ocrx_word' id='word_1_62' title='bbox 65 755 152 797; x_wconf 81' lang='lat' dir='ltr'><strong>&#39;&#39;ter</strong></span> <span class='ocrx_word' id='word_1_63' title='bbox 171 756 223 795; x_wconf 91' lang='lat' dir='ltr'><strong>ait</strong></span> <span class='ocrx_word' id='word_1_64' title='bbox 243 755 296 795; x_wconf 91' lang='lat' dir='ltr'><strong>‘in</strong></span> <span class='ocrx_word' id='word_1_65' title='bbox 318 756 528 795; x_wconf 84' lang='lat' dir='ltr'><strong>aumatium</strong></span> <span class='ocrx_word' id='word_1_66' title='bbox 549 763 694 796; x_wconf 85' lang='lat' dir='ltr'><strong>memet</strong></span> <span class='ocrx_word' id='word_1_67' title='bbox 713 758 841 809; x_wconf 92' lang='lat' dir='ltr'><strong>ipsum</strong></span> <span class='ocrx_word' id='word_1_68' title='bbox 861 758 1027 798; x_wconf 82' lang='lat' dir='ltr'><strong>conieci&#39;</strong></span> 
     </span>
    </p>

    <p class='ocr_par' dir='ltr' id='par_1_8' title="bbox 59 810 592 856">
     <span class='ocr_line' id='line_1_22' title="bbox 59 810 592 856; baseline 0 -1"><span class='ocrx_word' id='word_1_69' title='bbox 59 810 63 816; x_wconf 19' lang='grc' dir='ltr'><em>β</em></span> <span class='ocrx_word' id='word_1_70' title='bbox 162 822 383 856; x_wconf 84' lang='lat' dir='ltr'><strong>automatium</strong></span> <span class='ocrx_word' id='word_1_71' title='bbox 412 820 592 855; x_wconf 80' lang='lat' dir='ltr'><strong>Turnebus</strong></span> 
     </span>
    </p>
   </div>
   <div class='ocr_carea' id='block_1_7' title="bbox 710 903 816 943">
    <p class='ocr_par' dir='ltr' id='par_1_9' title="bbox 710 903 816 943">
     <span class='ocr_line' id='line_1_23' title="bbox 710 903 816 943; baseline 0 -1"><span class='ocrx_word' id='word_1_72' title='bbox 710 903 816 943; x_wconf 83' lang='lat' dir='ltr'>XIIII</span> 
     </span>
    </p>
   </div>
   <div class='ocr_carea' id='block_1_8' title="bbox 55 969 1477 1195">
    <p class='ocr_par' dir='ltr' id='par_1_10' title="bbox 55 969 1477 1195">
     <span class='ocr_line' id='line_1_24' title="bbox 161 969 1475 1022; baseline 0.002 -11"><span class='ocrx_word' id='word_1_73' title='bbox 161 969 331 1012; x_wconf 78' lang='lat' dir='ltr'><strong>Isidorus</strong></span> <span class='ocrx_word' id='word_1_74' title='bbox 360 973 554 1022; x_wconf 76' lang='lat' dir='ltr'><strong>oriyinum</strong></span> <span class='ocrx_word' id='word_1_75' title='bbox 582 969 614 1009; x_wconf 92' lang='lat' dir='ltr'><em>V</em></span> <span class='ocrx_word' id='word_1_76' title='bbox 628 969 694 1019; x_wconf 83' lang='lat'><strong>26,</strong></span> <span class='ocrx_word' id='word_1_77' title='bbox 718 969 743 1012; x_wconf 91' lang='lat'><em>7</em></span> <span class='ocrx_word' id='word_1_78' title='bbox 754 986 765 1012; x_wconf 92' lang='lat'><strong>.·</strong></span> <span class='ocrx_word' id='word_1_79' title='bbox 794 972 908 1012; x_wconf 88' lang='lat' dir='ltr'><strong>dolus</strong></span> <span class='ocrx_word' id='word_1_80' title='bbox 928 978 968 1012; x_wconf 88' lang='lat' dir='ltr'><strong>et</strong></span> <span class='ocrx_word' id='word_1_81' title='bbox 987 973 1131 1013; x_wconf 88' lang='lat' dir='ltr'><strong>mentis</strong></span> <span class='ocrx_word' id='word_1_82' title='bbox 1152 973 1338 1019; x_wconf 81' lang='lat' dir='ltr'><strong>calliditas</strong></span> <span class='ocrx_word' id='word_1_83' title='bbox 1357 973 1406 1014; x_wconf 90' lang='lat' dir='ltr'><strong>ab</strong></span> <span class='ocrx_word' id='word_1_84' title='bbox 1429 987 1475 1014; x_wconf 91' lang='lat' dir='ltr'><strong>eo</strong></span> 
     </span>
     <span class='ocr_line' id='line_1_25' title="bbox 55 1027 1477 1080; baseline 0.002 -12"><span class='ocrx_word' id='word_1_85' title='bbox 55 1031 65 1075; x_wconf 62' lang='grc' dir='ltr'><strong>’,ι</strong></span> <span class='ocrx_word' id='word_1_86' title='bbox 88 1029 152 1068; x_wconf 86' lang='lat' dir='ltr'><strong>od</strong></span> <span class='ocrx_word' id='word_1_87' title='bbox 174 1027 349 1067; x_wconf 81' lang='lat' dir='ltr'><strong>deludat:</strong></span> <span class='ocrx_word' id='word_1_88' title='bbox 382 1027 485 1067; x_wconf 90' lang='lat' dir='ltr'><strong>aliud</strong></span> <span class='ocrx_word' id='word_1_89' title='bbox 507 1027 611 1067; x_wconf 91' lang='lat' dir='ltr'><strong>enim</strong></span> <span class='ocrx_word' id='word_1_90' title='bbox 642 1029 742 1080; x_wconf 84' lang='lat' dir='ltr'><strong>agit,</strong></span> <span class='ocrx_word' id='word_1_91' title='bbox 775 1029 878 1069; x_wconf 90' lang='lat' dir='ltr'><strong>aliud</strong></span> <span class='ocrx_word' id='word_1_92' title='bbox 898 1028 1065 1070; x_wconf 88' lang='lat' dir='ltr'><strong>simulat.</strong></span> <span class='ocrx_word' id='word_1_93' title='bbox 1127 1029 1337 1070; x_wconf 80' lang='lat' dir='ltr'><strong>Petronius</strong></span> <span class='ocrx_word' id='word_1_94' title='bbox 1365 1031 1477 1071; x_wconf 91' lang='lat' dir='ltr'><strong>aliter</strong></span> 
     </span>
     <span class='ocr_line' id='line_1_26' title="bbox 62 1083 1476 1140; baseline 0.001 -15"><span class='ocrx_word' id='word_1_95' title='bbox 62 1083 84 1122; x_wconf 65' lang='grc' dir='ltr'><strong>ζ’»,</strong></span> <span class='ocrx_word' id='word_1_96' title='bbox 100 1084 243 1125; x_wconf 84' lang='lat' dir='ltr'><strong>&#39;stimat</strong></span> <span class='ocrx_word' id='word_1_97' title='bbox 262 1084 397 1124; x_wconf 83' lang='lat' dir='ltr'><strong>dicens</strong></span> <span class='ocrx_word' id='word_1_98' title='bbox 418 1083 524 1136; x_wconf 76' lang='lat' dir='ltr'><strong>‘quid</strong></span> <span class='ocrx_word' id='word_1_99' title='bbox 547 1089 626 1132; x_wconf 83' lang='lat' dir='ltr'><strong>est,</strong></span> <span class='ocrx_word' id='word_1_100' title='bbox 655 1085 824 1134; x_wconf 85' lang='lat' dir='ltr'><strong>iudices,</strong></span> <span class='ocrx_word' id='word_1_101' title='bbox 854 1083 995 1126; x_wconf 80' lang='lat' dir='ltr'><strong>dolus?</strong></span> <span class='ocrx_word' id='word_1_102' title='bbox 1027 1086 1212 1126; x_wconf 87' lang='lat' dir='ltr'><strong>nimirum</strong></span> <span class='ocrx_word' id='word_1_103' title='bbox 1235 1087 1302 1126; x_wconf 91' lang='lat' dir='ltr'><strong>ubi</strong></span> <span class='ocrx_word' id='word_1_104' title='bbox 1331 1087 1476 1140; x_wconf 91' lang='lat' dir='ltr'><strong>aliquid</strong></span> 
     </span>
     <span class='ocr_line' id='line_1_27' title="bbox 62 1140 1476 1195; baseline 0 -11"><span class='ocrx_word' id='word_1_105' title='bbox 62 1159 72 1168; x_wconf 41' lang='lat'><em>⁷</em></span> <span class='ocrx_word' id='word_1_106' title='bbox 87 1147 193 1182; x_wconf 85' lang='lat' dir='ltr'><strong>ctum</strong></span> <span class='ocrx_word' id='word_1_107' title='bbox 214 1148 273 1181; x_wconf 89' lang='lat' dir='ltr'><strong>est</strong></span> <span class='ocrx_word' id='word_1_108' title='bbox 292 1141 398 1193; x_wconf 88' lang='lat' dir='ltr'><strong>quod</strong></span> <span class='ocrx_word' id='word_1_109' title='bbox 418 1140 494 1193; x_wconf 86' lang='lat' dir='ltr'><strong>legi</strong></span> <span class='ocrx_word' id='word_1_110' title='bbox 510 1141 628 1181; x_wconf 87' lang='lat' dir='ltr'><strong>dolet.</strong></span> <span class='ocrx_word' id='word_1_111' title='bbox 659 1142 810 1183; x_wconf 86' lang='lat' dir='ltr'><strong>habetis</strong></span> <span class='ocrx_word' id='word_1_112' title='bbox 830 1142 983 1182; x_wconf 87' lang='lat' dir='ltr'><strong>dolum:</strong></span> <span class='ocrx_word' id='word_1_113' title='bbox 1005 1142 1169 1195; x_wconf 83' lang='lat' dir='ltr'><strong>accipite</strong></span> <span class='ocrx_word' id='word_1_114' title='bbox 1191 1156 1298 1183; x_wconf 83' lang='lat' dir='ltr'><strong>nune</strong></span> <span class='ocrx_word' id='word_1_115' title='bbox 1320 1144 1476 1184; x_wconf 89' lang='lat' dir='ltr'><strong>malum&#39;</strong></span> 
     </span>
    </p>
   </div>
   <div class='ocr_carea' id='block_1_9' title="bbox 726 1241 792 1282">
    <p class='ocr_par' dir='ltr' id='par_1_11' title="bbox 726 1241 792 1282">
     <span class='ocr_line' id='line_1_28' title="bbox 726 1241 792 1282; baseline 0 0"><span class='ocrx_word' id='word_1_116' title='bbox 726 1241 792 1282; x_wconf 90' lang='lat' dir='ltr'><strong>XV</strong></span> 
     </span>
    </p>
   </div>
   <div class='ocr_carea' id='block_1_10' title="bbox 43 1309 1473 1420">
    <p class='ocr_par' dir='ltr' id='par_1_12' title="bbox 43 1309 1473 1423">
     <span class='ocr_line' id='line_1_29' title="bbox 54 1309 1473 1366; baseline 0.002 -16"><span class='ocrx_word' id='word_1_117' title='bbox 54 1357 61 1363; x_wconf 62' lang='lat'>,</span> <span class='ocrx_word' id='word_1_118' title='bbox 158 1311 387 1364; x_wconf 74' lang='lat' dir='ltr'><strong>ylossarium</strong></span> <span class='ocrx_word' id='word_1_119' title='bbox 403 1309 441 1350; x_wconf 87' lang='lat' dir='ltr'><strong>S.</strong></span> <span class='ocrx_word' id='word_1_120' title='bbox 460 1310 657 1363; x_wconf 77' lang='lat' dir='ltr'><strong>Dionysii:</strong></span> <span class='ocrx_word' id='word_1_121' title='bbox 677 1317 865 1363; x_wconf 88' lang='lat' dir='ltr'><strong>petaurus</strong></span> <span class='ocrx_word' id='word_1_122' title='bbox 889 1323 1015 1364; x_wconf 85' lang='lat' dir='ltr'><strong>genus</strong></span> <span class='ocrx_word' id='word_1_123' title='bbox 1040 1311 1134 1352; x_wconf 92' lang='lat' dir='ltr'><strong>ludi.</strong></span> <span class='ocrx_word' id='word_1_124' title='bbox 1166 1312 1374 1354; x_wconf 85' lang='lat' dir='ltr'><strong>Petronius</strong></span> <span class='ocrx_word' id='word_1_125' title='bbox 1391 1316 1473 1366; x_wconf 82' lang='lat' dir='ltr'><strong>‘pe-</strong></span> 
     </span>
     <span class='ocr_line' id='line_1_30' title="bbox 43 1367 963 1420; baseline 0 -12"><span class='ocrx_word' id='word_1_126' title='bbox 43 1379 239 1420; x_wconf 87' lang='lat' dir='ltr'><strong>uroque</strong></span> <span class='ocrx_word' id='word_1_127' title='bbox 260 1367 420 1408; x_wconf 89' lang='lat' dir='ltr'><strong>iubente</strong></span> <span class='ocrx_word' id='word_1_128' title='bbox 441 1367 556 1407; x_wconf 89' lang='lat' dir='ltr'><strong>modo</strong></span> <span class='ocrx_word' id='word_1_129' title='bbox 578 1368 783 1419; x_wconf 88' lang='lat' dir='ltr'><strong>superior’.</strong></span> <span class='ocrx_word' id='word_1_130' title='bbox 826 1381 963 1408; x_wconf 71' lang='lat' dir='ltr'><strong>mmm,</strong></span> 
     </span>
    </p>
   </div>
   <div class='ocr_carea' id='block_1_11' title="bbox 59 1433 1471 1704">
    <p class='ocr_par' dir='ltr' id='par_1_13' title="bbox 160 1433 1135 1478">
     <span class='ocr_line' id='line_1_31' title="bbox 160 1433 1135 1478; baseline 0.002 -12"><span class='ocrx_word' id='word_1_131' title='bbox 160 1434 365 1476; x_wconf 82' lang='lat' dir='ltr'><strong>legebantur</strong></span> <span class='ocrx_word' id='word_1_132' title='bbox 389 1433 543 1474; x_wconf 73' lang='lat' dir='ltr'><strong>fortasse</strong></span> <span class='ocrx_word' id='word_1_133' title='bbox 566 1435 606 1466; x_wconf 82' lang='lat' dir='ltr'><strong>in</strong></span> <span class='ocrx_word' id='word_1_134' title='bbox 630 1434 759 1468; x_wconf 78' lang='lat' dir='ltr'><strong>lacuna</strong></span> <span class='ocrx_word' id='word_1_135' title='bbox 785 1445 861 1478; x_wconf 83' lang='lat' dir='ltr'><strong>cap.</strong></span> <span class='ocrx_word' id='word_1_136' title='bbox 887 1436 930 1469; x_wconf 83' lang='lat'><strong>54</strong></span> <span class='ocrx_word' id='word_1_137' title='bbox 951 1445 987 1477; x_wconf 82' lang='lat' dir='ltr'><strong>p.</strong></span> <span class='ocrx_word' id='word_1_138' title='bbox 1013 1436 1067 1477; x_wconf 86' lang='lat'><strong>35,</strong></span> <span class='ocrx_word' id='word_1_139' title='bbox 1092 1436 1135 1469; x_wconf 88' lang='grc'><strong>30</strong></span> 
     </span>
    </p>

    <p class='ocr_par' dir='ltr' id='par_1_14' title="bbox 59 1525 1471 1704">
     <span class='ocr_line' id='line_1_32' title="bbox 718 1525 802 1564; baseline 0 0"><span class='ocrx_word' id='word_1_140' title='bbox 718 1525 802 1564; x_wconf 88' lang='lat' dir='ltr'><strong>XVI</strong></span> 
     </span>
     <span class='ocr_line' id='line_1_33' title="bbox 59 1593 1471 1639; baseline 0.002 -7"><span class='ocrx_word' id='word_1_141' title='bbox 59 1634 62 1639; x_wconf 69' lang='grc'>,</span> <span class='ocrx_word' id='word_1_142' title='bbox 160 1593 367 1633; x_wconf 84' lang='lat' dir='ltr'><strong>Petronius</strong></span> <span class='ocrx_word' id='word_1_143' title='bbox 408 1593 514 1633; x_wconf 85' lang='lat' dir='ltr'><strong>‘satis</strong></span> <span class='ocrx_word' id='word_1_144' title='bbox 553 1599 751 1633; x_wconf 87' lang='lat' dir='ltr'><strong>constaret</strong></span> <span class='ocrx_word' id='word_1_145' title='bbox 791 1605 858 1634; x_wconf 86' lang='lat' dir='ltr'><strong>eos</strong></span> <span class='ocrx_word' id='word_1_146' title='bbox 889 1594 961 1634; x_wconf 90' lang='lat' dir='ltr'><strong>nisi</strong></span> <span class='ocrx_word' id='word_1_147' title='bbox 992 1593 1202 1639; x_wconf 85' lang='lat' dir='ltr'><strong>inclinatos</strong></span> <span class='ocrx_word' id='word_1_148' title='bbox 1232 1607 1313 1634; x_wconf 91' lang='lat' dir='ltr'><strong>non</strong></span> <span class='ocrx_word' id='word_1_149' title='bbox 1344 1595 1471 1635; x_wconf 86' lang='lat' dir='ltr'><strong>solere</strong></span> 
     </span>
     <span class='ocr_line' id='line_1_34' title="bbox 61 1649 1471 1704; baseline 0.001 -14"><span class='ocrx_word' id='word_1_150' title='bbox 61 1666 76 1696; x_wconf 81' lang='lat'><strong>·.</strong></span> <span class='ocrx_word' id='word_1_151' title='bbox 92 1677 95 1683; x_wconf 87' lang='lat'><em>-</em></span> <span class='ocrx_word' id='word_1_152' title='bbox 109 1649 214 1690; x_wconf 91' lang='lat' dir='ltr'><strong>nsire</strong></span> <span class='ocrx_word' id='word_1_153' title='bbox 235 1656 411 1702; x_wconf 79' lang='lat' dir='ltr'><strong>cryptam</strong></span> <span class='ocrx_word' id='word_1_154' title='bbox 431 1649 736 1702; x_wconf 88' lang='lat' dir='ltr'><strong>Neapolitanam&#39;</strong></span> <span class='ocrx_word' id='word_1_155' title='bbox 757 1661 806 1690; x_wconf 73' lang='lat' dir='ltr'><strong>em</strong></span> <span class='ocrx_word' id='word_1_156' title='bbox 825 1650 1007 1702; x_wconf 63' lang='lat' dir='ltr'><strong>glossario</strong></span> <span class='ocrx_word' id='word_1_157' title='bbox 1030 1649 1070 1691; x_wconf 89' lang='lat' dir='ltr'><strong>S.</strong></span> <span class='ocrx_word' id='word_1_158' title='bbox 1091 1650 1277 1704; x_wconf 75' lang='lat' dir='ltr'><strong>Dionysii.</strong></span> <span class='ocrx_word' id='word_1_159' title='bbox 1329 1664 1471 1691; x_wconf 66' lang='lat' dir='ltr'><strong>nmini„</strong></span> 
     </span>
    </p>
   </div>
   <div class='ocr_carea' id='block_1_12' title="bbox 698 1750 830 1791">
    <p class='ocr_par' dir='ltr' id='par_1_15' title="bbox 698 1750 830 1791">
     <span class='ocr_line' id='line_1_35' title="bbox 698 1750 830 1791; baseline 0.015 -1"><span class='ocrx_word' id='word_1_160' title='bbox 698 1751 799 1791; x_wconf 90' lang='lat' dir='ltr'>XVII</span> <span class='ocrx_word' id='word_1_161' title='bbox 809 1750 830 1774; x_wconf 85' lang='lat'><em>*</em></span> 
     </span>
    </p>
   </div>
   <div class='ocr_carea' id='block_1_13' title="bbox 159 1817 1348 1984">
    <p class='ocr_par' dir='ltr' id='par_1_16' title="bbox 159 1817 1348 1984">
     <span class='ocr_line' id='line_1_36' title="bbox 159 1817 526 1871; baseline 0 -14"><span class='ocrx_word' id='word_1_162' title='bbox 159 1820 200 1858; x_wconf 80' lang='lat' dir='ltr'><strong>in</strong></span> <span class='ocrx_word' id='word_1_163' title='bbox 220 1818 297 1858; x_wconf 74' lang='lat' dir='ltr'><strong>alio</strong></span> <span class='ocrx_word' id='word_1_164' title='bbox 318 1817 526 1871; x_wconf 76' lang='lat' dir='ltr'><strong>ylossario:</strong></span> 
     </span>
     <span class='ocr_line' id='line_1_37' title="bbox 186 1874 1348 1928; baseline 0.003 -14"><span class='ocrx_word' id='word_1_165' title='bbox 186 1874 340 1927; x_wconf 88' lang='lat' dir='ltr'><strong>Suppes</strong></span> <span class='ocrx_word' id='word_1_166' title='bbox 360 1875 605 1928; x_wconf 86' lang='lat' dir='ltr'><strong>suppumpis,</strong></span> <span class='ocrx_word' id='word_1_167' title='bbox 626 1875 700 1915; x_wconf 83' lang='lat' dir='ltr'><strong>hoc</strong></span> <span class='ocrx_word' id='word_1_168' title='bbox 721 1883 780 1916; x_wconf 89' lang='lat' dir='ltr'><strong>est</strong></span> <span class='ocrx_word' id='word_1_169' title='bbox 800 1875 950 1928; x_wconf 87' lang='lat' dir='ltr'><strong>supinis</strong></span> <span class='ocrx_word' id='word_1_170' title='bbox 970 1875 1148 1928; x_wconf 87' lang='lat' dir='ltr'><strong>pedibus.</strong></span> <span class='ocrx_word' id='word_1_171' title='bbox 1189 1876 1348 1917; x_wconf 88' lang='lat' dir='ltr'><strong>Petron.</strong></span> 
     </span>
     <span class='ocr_line' id='line_1_38' title="bbox 186 1930 1172 1984; baseline 0.002 -14"><span class='ocrx_word' id='word_1_172' title='bbox 186 1930 323 1980; x_wconf 87' lang='lat' dir='ltr'><strong>Tullia,</strong></span> <span class='ocrx_word' id='word_1_173' title='bbox 344 1931 470 1971; x_wconf 89' lang='lat' dir='ltr'><strong>media</strong></span> <span class='ocrx_word' id='word_1_174' title='bbox 491 1932 550 1972; x_wconf 89' lang='lat' dir='ltr'><strong>vel</strong></span> <span class='ocrx_word' id='word_1_175' title='bbox 571 1932 689 1984; x_wconf 84' lang='lat' dir='ltr'><strong>regia.</strong></span> <span class='ocrx_word' id='word_1_176' title='bbox 732 1932 952 1973; x_wconf 86' lang='lat' dir='ltr'><strong>Petronius.</strong></span> <span class='ocrx_word' id='word_1_177' title='bbox 988 1945 1172 1973; x_wconf 72' lang='lat' dir='ltr'><strong>rrrnossvs</strong></span> 
     </span>
    </p>
   </div>
   <div class='ocr_carea' id='block_1_14' title="bbox 83 2010 1472 2234">
    <p class='ocr_par' dir='ltr' id='par_1_17' title="bbox 76 2010 1472 2234">
     <span class='ocr_line' id='line_1_39' title="bbox 159 2010 1471 2052; baseline 0.002 -11"><span class='ocrx_word' id='word_1_178' title='bbox 159 2019 282 2042; x_wconf 82' lang='lat' dir='ltr'><strong>vereor</strong></span> <span class='ocrx_word' id='word_1_179' title='bbox 315 2019 359 2041; x_wconf 83' lang='lat' dir='ltr'><strong>ne</strong></span> <span class='ocrx_word' id='word_1_180' title='bbox 391 2010 477 2042; x_wconf 75' lang='lat' dir='ltr'><strong>haee</strong></span> <span class='ocrx_word' id='word_1_181' title='bbox 498 2012 638 2052; x_wconf 77' lang='lat' dir='ltr'><strong>sumpta</strong></span> <span class='ocrx_word' id='word_1_182' title='bbox 661 2011 737 2043; x_wconf 73' lang='lat' dir='ltr'><strong>sint</strong></span> <span class='ocrx_word' id='word_1_183' title='bbox 765 2021 811 2043; x_wconf 73' lang='lat' dir='ltr'><strong>ex</strong></span> <span class='ocrx_word' id='word_1_184' title='bbox 834 2011 1011 2043; x_wconf 83' lang='lat' dir='ltr'><strong>‘Petronio</strong></span> <span class='ocrx_word' id='word_1_185' title='bbox 1041 2010 1189 2043; x_wconf 81' lang='lat' dir='ltr'><strong>Arbitro</strong></span> <span class='ocrx_word' id='word_1_186' title='bbox 1221 2011 1262 2043; x_wconf 86' lang='lat' dir='ltr'><strong>de</strong></span> <span class='ocrx_word' id='word_1_187' title='bbox 1285 2011 1471 2043; x_wconf 73' lang='lat' dir='ltr'><strong>vorborum</strong></span> 
     </span>
     <span class='ocr_line' id='line_1_40' title="bbox 83 2053 1469 2098; baseline 0.001 -12"><span class='ocrx_word' id='word_1_188' title='bbox 83 2068 90 2091; x_wconf 51' lang='lat'><strong>‚¹</strong></span> <span class='ocrx_word' id='word_1_189' title='bbox 129 2053 330 2096; x_wconf 74' lang='lat' dir='ltr'><strong>ificatione&#39;,</strong></span> <span class='ocrx_word' id='word_1_190' title='bbox 365 2054 405 2087; x_wconf 69' lang='lat' dir='ltr'><strong>td</strong></span> <span class='ocrx_word' id='word_1_191' title='bbox 432 2057 489 2087; x_wconf 24' lang='lat' dir='ltr'><strong>rest</strong></span> <span class='ocrx_word' id='word_1_192' title='bbox 522 2065 568 2089; x_wconf 57' lang='grc' dir='ltr'><strong>θέε</strong></span> <span class='ocrx_word' id='word_1_193' title='bbox 598 2055 779 2098; x_wconf 76' lang='lat' dir='ltr'><strong>glossario</strong></span> <span class='ocrx_word' id='word_1_194' title='bbox 804 2056 924 2098; x_wconf 82' lang='lat' dir='ltr'><strong>aliquo</strong></span> <span class='ocrx_word' id='word_1_195' title='bbox 946 2058 1027 2098; x_wconf 71' lang='lat' dir='ltr'><strong>post</strong></span> <span class='ocrx_word' id='word_1_196' title='bbox 1050 2055 1183 2089; x_wconf 74' lang='lat' dir='ltr'><strong>Isidori</strong></span> <span class='ocrx_word' id='word_1_197' title='bbox 1212 2058 1362 2089; x_wconf 76' lang='lat' dir='ltr'><strong>aetatem</strong></span> <span class='ocrx_word' id='word_1_198' title='bbox 1387 2065 1469 2088; x_wconf 81' lang='lat' dir='ltr'><strong>con-</strong></span> 
     </span>
     <span class='ocr_line' id='line_1_41' title="bbox 172 2099 1472 2144; baseline 0.002 -12.794"><span class='ocrx_word' id='word_1_199' title='bbox 172 2101 206 2132; x_wconf 78' lang='lat' dir='ltr'><strong>et</strong></span> <span class='ocrx_word' id='word_1_200' title='bbox 240 2100 279 2132; x_wconf 84' lang='lat' dir='ltr'><strong>in</strong></span> <span class='ocrx_word' id='word_1_201' title='bbox 313 2099 433 2132; x_wconf 78' lang='lat' dir='ltr'><strong>codiee</strong></span> <span class='ocrx_word' id='word_1_202' title='bbox 455 2100 615 2133; x_wconf 82' lang='lat' dir='ltr'><strong>Petronii</strong></span> <span class='ocrx_word' id='word_1_203' title='bbox 643 2102 787 2144; x_wconf 66' lang='lat' dir='ltr'><strong>eet-ipio.</strong></span> <span class='ocrx_word' id='word_1_204' title='bbox 854 2110 960 2144; x_wconf 80' lang='lat' dir='ltr'><strong>quam</strong></span> <span class='ocrx_word' id='word_1_205' title='bbox 1000 2103 1210 2134; x_wconf 76' lang='lat' dir='ltr'><strong>sententiam</strong></span> <span class='ocrx_word' id='word_1_206' title='bbox 1246 2101 1472 2142; x_wconf 82' lang='lat' dir='ltr'><strong>confirmavit</strong></span> 
     </span>
     <span class='ocr_line' id='line_1_42' title="bbox 87 2143 1471 2190; baseline 0.001 -13"><span class='ocrx_word' id='word_1_207' title='bbox 87 2143 200 2178; x_wconf 68' lang='lat' dir='ltr'><strong>lidius</strong></span> <span class='ocrx_word' id='word_1_208' title='bbox 235 2144 376 2178; x_wconf 79' lang='lat' dir='ltr'><strong>conlata</strong></span> <span class='ocrx_word' id='word_1_209' title='bbox 408 2145 528 2187; x_wconf 69' lang='lat' dir='ltr'><strong>glossa</strong></span> <span class='ocrx_word' id='word_1_210' title='bbox 563 2155 666 2190; x_wconf 80' lang='lat' dir='ltr'><strong>supes</strong></span> <span class='ocrx_word' id='word_1_211' title='bbox 701 2146 893 2190; x_wconf 80' lang='lat' dir='ltr'><strong>supinipes‚</strong></span> <span class='ocrx_word' id='word_1_212' title='bbox 930 2145 963 2179; x_wconf 85' lang='lat' dir='ltr'><strong>id</strong></span> <span class='ocrx_word' id='word_1_213' title='bbox 996 2150 1049 2180; x_wconf 87' lang='lat' dir='ltr'><strong>est</strong></span> <span class='ocrx_word' id='word_1_214' title='bbox 1073 2146 1203 2190; x_wconf 85' lang='lat' dir='ltr'><strong>supinis</strong></span> <span class='ocrx_word' id='word_1_215' title='bbox 1228 2146 1370 2190; x_wconf 85' lang='lat' dir='ltr'><strong>pedibus</strong></span> <span class='ocrx_word' id='word_1_216' title='bbox 1395 2145 1471 2180; x_wconf 88' lang='grc' dir='ltr'><strong><em>Μαι·</em></strong></span> 
     </span>
     <span class='ocr_line' id='line_1_43' title="bbox 90 2190 889 2234; baseline -0.001 -10"><span class='ocrx_word' id='word_1_217' title='bbox 90 2209 91 2212; x_wconf 64' lang='lat'><em>=</em></span> <span class='ocrx_word' id='word_1_218' title='bbox 137 2214 146 2224; x_wconf 91' lang='lat'>.</span> <span class='ocrx_word' id='word_1_219' title='bbox 169 2193 262 2224; x_wconf 78' lang='lat' dir='ltr'><strong>auct.</strong></span> <span class='ocrx_word' id='word_1_220' title='bbox 288 2190 341 2223; x_wconf 89' lang='lat' dir='ltr'><strong>VI</strong></span> <span class='ocrx_word' id='word_1_221' title='bbox 358 2201 394 2234; x_wconf 84' lang='lat' dir='ltr'><strong>p.</strong></span> <span class='ocrx_word' id='word_1_222' title='bbox 418 2190 485 2224; x_wconf 83' lang='lat'><strong>547</strong></span> <span class='ocrx_word' id='word_1_223' title='bbox 886 2197 889 2199; x_wconf 83' lang='grc'><strong>’</strong></span> 
     </span>
    </p>
   </div>
   <div class='ocr_carea' id='block_1_15' title="bbox 682 2259 835 2299">
    <p class='ocr_par' dir='ltr' id='par_1_18' title="bbox 682 2259 835 2299">
     <span class='ocr_line' id='line_1_44' title="bbox 682 2259 835 2299; baseline 0 0"><span class='ocrx_word' id='word_1_224' title='bbox 682 2259 835 2299; x_wconf 87' lang='lat' dir='ltr'>XVIII*</span> 
     </span>
    </p>
   </div>
   <div class='ocr_carea' id='block_1_16' title="bbox 22 2336 1468 2603">
    <p class='ocr_par' dir='ltr' id='par_1_19' title="bbox 18 2336 1468 2603">
     <span class='ocr_line' id='line_1_45' title="bbox 160 2336 1468 2392; baseline 0.002 -15"><span class='ocrx_word' id='word_1_225' title='bbox 160 2336 340 2378; x_wconf 76' lang='lat' dir='ltr'><strong>Nicotaus</strong></span> <span class='ocrx_word' id='word_1_226' title='bbox 362 2337 537 2379; x_wconf 82' lang='lat' dir='ltr'><strong>Perottus</strong></span> <span class='ocrx_word' id='word_1_227' title='bbox 562 2338 691 2380; x_wconf 82' lang='lat' dir='ltr'><strong>Cornu</strong></span> <span class='ocrx_word' id='word_1_228' title='bbox 711 2341 840 2392; x_wconf 81' lang='lat' dir='ltr'><strong>copiae</strong></span> <span class='ocrx_word' id='word_1_229' title='bbox 855 2352 895 2392; x_wconf 84' lang='lat' dir='ltr'><strong>p.</strong></span> <span class='ocrx_word' id='word_1_230' title='bbox 920 2336 1017 2385; x_wconf 86' lang='lat'><em>200,</em></span> <span class='ocrx_word' id='word_1_231' title='bbox 1038 2337 1095 2380; x_wconf 83' lang='lat'><strong>26</strong></span> <span class='ocrx_word' id='word_1_232' title='bbox 1115 2339 1290 2380; x_wconf 78' lang='lat' dir='ltr'><strong>editionis</strong></span> <span class='ocrx_word' id='word_1_233' title='bbox 1309 2338 1468 2380; x_wconf 78' lang='lat' dir='ltr'><strong>Aldinae</strong></span> 
     </span>
     <span class='ocr_line' id='line_1_46' title="bbox 112 2391 1466 2448; baseline 0.002 -15"><span class='ocrx_word' id='word_1_234' title='bbox 112 2395 143 2433; x_wconf 79' lang='lat' dir='ltr'><strong><em>i</em></strong></span> <span class='ocrx_word' id='word_1_235' title='bbox 171 2391 301 2434; x_wconf 82' lang='lat'><em>1513.-</em></span> <span class='ocrx_word' id='word_1_236' title='bbox 332 2393 496 2435; x_wconf 86' lang='lat' dir='ltr'><strong>Cosmus</strong></span> <span class='ocrx_word' id='word_1_237' title='bbox 525 2395 641 2435; x_wconf 90' lang='lat' dir='ltr'><strong>etiam</strong></span> <span class='ocrx_word' id='word_1_238' title='bbox 672 2395 867 2436; x_wconf 88' lang='lat' dir='ltr'><strong>excellens</strong></span> <span class='ocrx_word' id='word_1_239' title='bbox 898 2396 1184 2448; x_wconf 81' lang='lat' dir='ltr'><strong>unguentarius</strong></span> <span class='ocrx_word' id='word_1_240' title='bbox 1215 2396 1306 2444; x_wconf 82' lang='lat' dir='ltr'><strong>suit,</strong></span> <span class='ocrx_word' id='word_1_241' title='bbox 1335 2407 1357 2436; x_wconf 94' lang='lat' dir='ltr'><strong>a</strong></span> <span class='ocrx_word' id='word_1_242' title='bbox 1387 2408 1466 2448; x_wconf 88' lang='lat' dir='ltr'><strong>quo</strong></span> 
     </span>
     <span class='ocr_line' id='line_1_47' title="bbox 89 2448 1468 2507; baseline 0.002 -17.853"><span class='ocrx_word' id='word_1_243' title='bbox 89 2457 245 2502; x_wconf 79' lang='lat' dir='ltr'><strong>guenta</strong></span> <span class='ocrx_word' id='word_1_244' title='bbox 267 2450 368 2490; x_wconf 87' lang='lat' dir='ltr'><strong>dicta</strong></span> <span class='ocrx_word' id='word_1_245' title='bbox 388 2457 484 2491; x_wconf 86' lang='lat' dir='ltr'><strong>sunt</strong></span> <span class='ocrx_word' id='word_1_246' title='bbox 503 2451 720 2492; x_wconf 87' lang='lat' dir='ltr'><strong>Cosmiana.</strong></span> <span class='ocrx_word' id='word_1_247' title='bbox 761 2452 863 2492; x_wconf 85' lang='lat' dir='ltr'><strong>idem</strong></span> <span class='ocrx_word' id='word_1_248' title='bbox 886 2448 1097 2507; x_wconf 80' lang='lat' dir='ltr'><strong>[Iuvenalis</strong></span> <span class='ocrx_word' id='word_1_249' title='bbox 1116 2450 1155 2499; x_wconf 89' lang='grc'><strong>8,</strong></span> <span class='ocrx_word' id='word_1_250' title='bbox 1176 2449 1246 2502; x_wconf 85' lang='grc'><strong>86]</strong></span> <span class='ocrx_word' id='word_1_251' title='bbox 1267 2456 1319 2492; x_wconf 86' lang='lat' dir='ltr'><strong>‘et</strong></span> <span class='ocrx_word' id='word_1_252' title='bbox 1340 2452 1468 2493; x_wconf 86' lang='lat' dir='ltr'><strong>Cosmi</strong></span> 
     </span>
     <span class='ocr_line' id='line_1_48' title="bbox 22 2507 1465 2561; baseline 0.003 -16"><span class='ocrx_word' id='word_1_253' title='bbox 22 2511 45 2554; x_wconf 54' lang='grc' dir='ltr'><strong>ᾗς</strong></span> <span class='ocrx_word' id='word_1_254' title='bbox 70 2509 130 2547; x_wconf 63' lang='grc' dir='ltr'><strong>ἰο</strong></span> <span class='ocrx_word' id='word_1_255' title='bbox 149 2512 348 2558; x_wconf 82' lang='lat' dir='ltr'><strong>mergatur</strong></span> <span class='ocrx_word' id='word_1_256' title='bbox 369 2507 522 2548; x_wconf 88' lang='lat' dir='ltr'><strong>aheno’.</strong></span> <span class='ocrx_word' id='word_1_257' title='bbox 562 2508 771 2549; x_wconf 89' lang='lat' dir='ltr'><strong>Petronius</strong></span> <span class='ocrx_word' id='word_1_258' title='bbox 792 2508 899 2548; x_wconf 76' lang='lat' dir='ltr'><strong>‘affer</strong></span> <span class='ocrx_word' id='word_1_259' title='bbox 921 2508 1047 2557; x_wconf 88' lang='lat' dir='ltr'><strong>nobis,</strong></span> <span class='ocrx_word' id='word_1_260' title='bbox 1068 2508 1210 2561; x_wconf 86' lang='lat' dir='ltr'><strong>inquit,</strong></span> <span class='ocrx_word' id='word_1_261' title='bbox 1231 2508 1465 2551; x_wconf 85' lang='lat' dir='ltr'><strong>alabastrum</strong></span> 
     </span>
     <span class='ocr_line' id='line_1_49' title="bbox 23 2560 253 2603; baseline 0 0"><span class='ocrx_word' id='word_1_262' title='bbox 23 2560 38 2587; x_wconf 53' lang='lat'><strong>5²</strong></span> <span class='ocrx_word' id='word_1_263' title='bbox 124 2562 253 2603; x_wconf 81' lang='lat' dir='ltr'><strong>miani&#39;</strong></span> 
     </span>
    </p>
   </div>
   <div class='ocr_carea' id='block_1_17' title="bbox 621 2632 886 2637">
    <p class='ocr_par' dir='ltr' id='par_1_20' title="bbox 621 2632 886 2637">
     <span class='ocr_line' id='line_1_50' title="bbox 621 2632 886 2637; baseline 0 0"><span class='ocrx_word' id='word_1_264' title='bbox 621 2632 886 2637; x_wconf 95' lang='lat' dir='ltr'><strong> </strong></span> 
     </span>
    </p>
   </div>
  </div>
 </body>
</html>
