1728 2886
236 131 258 169 1
266 131 320 170 04
846 133 1049 170 PETRONII

236 246 330 286 lium
362 246 547 298 exposui,
578 253 617 286 et
647 261 698 288 ne
729 248 875 290 diutius
905 249 1026 290 tristis
1046 257 1167 300 esset,
1198 251 1369 292 iacturae
1390 253 1662 305 pensationem
1690 282 1695 292 Α

236 315 415 342 anserem
448 303 583 343 obtuli.
625 316 741 355 quem
769 304 775 358 1
802 318 902 346 anus
930 312 974 346 ut
1002 307 1108 356 vidit,
1139 314 1216 348 tam
1237 320 1422 361 magnum
1441 322 1566 362 aeque
1586 311 1696 350 cla-L

236 371 387 399 morem
418 360 595 409 sustulit,
626 367 669 401 ut
687 368 845 414 putares
865 362 1015 404 iterum·
1028 377 1188 405 anseres
1208 365 1327 405 limen
1349 366 1527 408 intrasse.
1567 380 1664 407 con-

237 417 347 456 fusus
376 416 507 468 itaque
529 422 567 457 et
588 418 758 459 novitate
778 420 965 461 facinoris
986 422 1174 462 attonitus
1194 422 1452 473 quaerebam,
1483 424 1576 476 quid
1597 436 1665 464 ex-

125 475 204 516 137
237 473 479 521 canduisset,
510 480 578 514 aut
606 487 728 526 quare
759 477 909 518 anseris
934 478 1066 530 potius
1087 491 1205 530 quam
1226 479 1301 518 mei
1323 479 1587 521 misereretur.
1628 487 1666 520 at

238 529 301 569 illa
331 530 544 582 complosis
569 532 752 573 manibus
773 534 985 574 ‘scelerate’
1005 535 1134 587 inquit
1154 536 1283 576 ‘etiam
1305 535 1506 588 loqueris?
1536 538 1665 578 nescis

239 599 355 638 quam
377 599 562 638 magnum
584 588 772 640 flagitium
794 591 1016 637 admiseris:
1049 592 1224 632 occidisti
1246 593 1377 645 Priapi
1398 594 1553 634 delicias
1563 603 1581 643 ,·
1593 605 1665 633 an-

237 655 365 683 serem
387 643 571 684 omnibus
592 647 781 687 matronis
802 648 1129 699 acceptissimum.
1160 649 1290 701 itaque
1311 662 1362 690 ne
1382 655 1422 690 te
1438 657 1552 702 putes
1568 651 1666 691 nihil

238 699 375 752 egisse,
397 701 429 740 si
451 701 699 753 magistratus
719 703 794 742 hoc
816 704 988 753 scierint,
1011 705 1085 746 ibis
1105 706 1145 745 in
1167 719 1339 746 crucem.
1379 707 1553 759 polluisti
1575 720 1665 748 san-

237 757 357 809 guine
387 757 627 798 domicilium
656 772 788 799 meum
819 766 909 800 ante
937 762 1043 801 hunc
1062 762 1168 805 diem
1184 763 1433 812 inviolatum,
1465 765 1668 816 fecistique

237 820 281 853 ut
302 825 377 862 me,
401 815 577 865 quisquis
598 816 764 856 voluerit
783 817 980 862 inimicus,
1001 820 1218 859 sacerdotio
1240 820 1368 872 pellat'

944 890 964 913 >k

347 925 354 980 1
380 927 504 979 ‘rogo'
526 928 686 981 inquam
710 931 803 970 ‘noli
835 931 1022 971 clamare:
1055 945 1127 985 ego
1149 933 1218 973 tibi
1240 945 1312 985 pro
1334 943 1473 974 ansere
1492 933 1666 974 strutho-
1690 960 1699 973 ,

238 984 428 1024 camelum
451 985 621 1026 reddam'

941 1044 962 1068 *

353 1098 445 1138 dum
476 1100 570 1139 haec
600 1112 662 1140 me
693 1107 880 1154 stupente
909 1102 949 1142 in
982 1103 1126 1143 lectulo
1157 1103 1266 1143 sedet
1295 1104 1524 1156 anserisque
1546 1105 1667 1150 fatum

239 1155 476 1207 complorat,
507 1157 662 1197 interim
686 1157 919 1199 Proselenos
949 1172 1038 1199 cum
1060 1160 1237 1212 impensa
1257 1161 1435 1200 sacrificii
1457 1161 1581 1210 venit,
1611 1161 1668 1214 vj-

238 1224 362 1263 soque
393 1225 532 1253 ansere
563 1214 693 1254 occiso
724 1216 919 1256 sciscitata
950 1229 1105 1257 causam
1126 1217 1305 1257 tristitiae
1327 1223 1366 1257 et
1384 1218 1467 1270 ipsa
1487 1218 1582 1258 flere
1603 1230 1667 1257 ve-

239 1269 462 1310 hementius
482 1271 613 1323 coepit
632 1272 789 1324 meique
810 1273 1008 1322 misereri,
1031 1280 1218 1325 tanquam
1239 1279 1391 1326 patrem
1411 1286 1562 1323 meum,
1586 1287 1667 1314 non

239 1325 441 1378 publicum
482 1340 683 1377 anserem,
725 1329 966 1370 occidissem.
1017 1331 1146 1382 itaque
1177 1331 1302 1371 taedio
1334 1331 1515 1383 fatigatus
1544 1331 1668 1384 ‘rogo'

240 1383 400 1434 inquam
422 1385 593 1436 ‘expiare
615 1397 754 1426 manus
775 1387 900 1438 pretio
920 1387 1035 1427 liceat

240 1439 271 1479 si
301 1452 369 1480 vos
398 1453 694 1492 provocassem,
727 1443 841 1482 etiam
872 1444 903 1484 si
934 1444 1186 1484 homicidium
1217 1445 1406 1485 fecissem.
1448 1457 1539 1486 ecee
1570 1445 1668 1486 duos

240 1508 382 1538 aureos
412 1510 540 1549 pono,
572 1500 677 1539 unde
707 1500 865 1551 possitis
895 1506 934 1540 et
954 1502 1048 1541 deos
1070 1507 1108 1541 et
1128 1514 1288 1542 anseres
1309 1502 1465 1542 emere'.
1506 1514 1606 1555 quos
1625 1509 1670 1542 ut

239 1553 334 1593 vidit
364 1553 592 1603 Oenothea,
622 1556 807 1608 ‘ignosce’
837 1557 967 1609 inquit
997 1558 1260 1607 ‘adulescens‚
1291 1559 1455 1599 sollicita
1487 1571 1574 1600 sum
1603 1565 1670 1599 tua

241 1622 370 1650 causa.
411 1612 555 1652 amoris
590 1619 649 1653 est
678 1614 754 1653 hoc
784 1620 1081 1665 argumentum,
1122 1628 1203 1655 non
1235 1615 1498 1668 malignitatis.
1538 1617 1670 1668 itaque
1702 1631 1703 1636 ¹

240 1666 420 1708 dabimus
441 1681 624 1721 operam,
646 1683 696 1710 ne
719 1671 806 1722 quis
826 1671 935 1711 sciat.
977 1679 1018 1712 tu
1041 1671 1157 1712 modo
1178 1672 1273 1713 deos
1293 1683 1408 1726 roga,
1430 1679 1473 1713 ut
1493 1673 1547 1713 illi
1567 1674 1670 1713 facto

239 1730 308 1764 tuo
330 1725 563 1777 ignoscant'.

351 1781 357 1835 Ι
384 1783 563 1835 quisquis
582 1783 700 1823 habet
722 1797 916 1833 nummos,
939 1797 1076 1825 secura
1098 1786 1252 1838 navigat
1271 1798 1365 1826 aura
1681 1788 1699 1821 l

412 1840 690 1893 fortunamque
711 1854 782 1881 suo
803 1848 995 1894 temperat
1014 1842 1188 1882 arbitrio.

356 1908 519 1936 uxorem
541 1897 658 1937 ducat
680 1898 837 1938 Danaen
859 1899 1067 1951 ipsumque
1087 1899 1217 1939 licebit

411 1954 604 1994 Acrisium
627 1954 757 1994 iubeat
778 1955 939 1995 credere
966 1955 1070 2007 quod
1093 1956 1266 1996 Danaen.

359 2011 532 2050 carmina
554 2018 777 2064 componat,
799 2012 1001 2060 declamet,
1022 2019 1238 2065 concrepet
1257 2025 1396 2053 omnes

414 2075 452 2107 et
473 2074 633 2120 peragat
653 2081 789 2109 causas
809 2070 936 2121 sitque
957 2069 1104 2110 Catone
1124 2070 1246 2122 prior.

358 2124 660 2166 iurisconsultus
682 2129 817 2178 ‘paret,
840 2139 921 2166 non
944 2126 1067 2178 paret’
1090 2127 1230 2166 habeto

414 2187 531 2233 atque
553 2188 636 2222 esto
658 2183 845 2234 quicquid
867 2183 1024 2223 Servius
1045 2190 1084 2223 et
1104 2183 1248 2223 Labeo.

360 2238 480 2278 multa
503 2239 662 2290 loquor:
687 2241 791 2291 quod
813 2239 880 2286 vis,
904 2240 1074 2280 nummis
1096 2239 1369 2292 praesentibus
1390 2245 1492 2292 opta,

417 2302 455 2334 et
475 2296 616 2335 veniet.
659 2296 833 2337 clausum
854 2296 1027 2348 possidet
1050 2309 1138 2337 arca
1160 2297 1291 2337 Iovem

953 2368 974 2391 τις

356 2406 362 2460 l
390 2409 491 2448 infra
521 2421 662 2450 manus
691 2421 798 2449 meas
828 2410 1028 2450 camellam
1060 2409 1136 2449 vini
1168 2409 1320 2461 posuit,
1352 2414 1390 2449 et
1419 2421 1510 2450 cum
1535 2408 1682 2462 digitos·

363 2511 376 2542 1
406 2509 604 2552 pensionem
623 2508 672 2554 112
698 2509 780 2543 Cum
805 2510 930 2554 protuli
956 2519 1121 2551 anserem,
1146 2519 1230 2543 anus
1254 2514 1292 2543 ut
1315 2508 1400 2543 vidit
1418 2509 1446 2543 0
1465 2508 1471 2553 Ι
1492 2518 1580 2553 eque
1602 2518 1678 2542 mu-

247 2553 407 2585 tilatum:
432 2564 612 2598 acremque
637 2555 856 2589 Cornelissen
871 2556 883 2599 ΙΙ
903 2558 923 2590 6
949 2559 983 2590 et
1006 2555 1157 2599 loqueris
1174 2554 1186 2599 ΙΙ
1204 2557 1224 2590 9
1250 2555 1363 2589 scierit
1386 2555 1471 2589 liam·
1490 2555 1651 2598 plerique
1667 2553 1681 2598 ΙΙ

249 2599 289 2632 19
315 2598 394 2631 licet
423 2598 434 2643 ΙΙ
466 2601 505 2634 21
534 2605 567 2633 et
592 2599 678 2634 duos
703 2611 839 2635 anseres
865 2602 1118 2644 Scaliger-anua
1142 2600 1154 2644 ΙΙ
1179 2602 1222 2635 26
1247 2600 1385 2644 naviget
1409 2599 1422 2645 ΙΙ
1445 2601 1486 2635 2Ἷ
1514 2603 1679 2644 temperet

246 2643 331 2676 libri
354 2648 499 2687 excepto
524 2646 696 2679 Bemensz·
714 2646 725 2689 ΙΙ
743 2647 787 2680 34
811 2646 947 2691 quidvis
972 2647 1056 2680 libri
1075 2647 1238 2690 plerique
1651 2669 1654 2673 ·
